{"ts": 1755546238.2375133, "bids": [[59999.64, 2.2376], [59999.14, 1.0821], [59998.64, 0.3853], [59998.14, 0.7684], [59997.64, 0.6071]], "asks": [[60000.64, 2.0377], [60001.14, 1.483], [60001.64, 0.1], [60002.14, 0.6632], [60002.64, 0.4392]]}
{"ts": 1755546238.4875133, "bids": [[59999.64, 2.197], [59999.14, 0.7785], [59998.64, 0.7406], [59998.14, 0.5125], [59997.64, 0.5595]], "asks": [[60000.64, 2.0332], [60001.14, 0.6956], [60001.64, 1.06], [60002.14, 0.4681], [60002.64, 0.1]]}
{"ts": 1755546238.7375133, "bids": [[59999.49, 2.4215], [59998.99, 0.9315], [59998.49, 1.1443], [59997.99, 0.1], [59997.49, 0.3528]], "asks": [[60000.49, 2.6242], [60000.99, 1.1132], [60001.49, 0.9989], [60001.99, 0.1699], [60002.49, 0.1]]}
{"ts": 1755546238.9875133, "bids": [[59999.96, 1.7253], [59999.46, 1.1993], [59998.96, 0.9209], [59998.46, 0.4741], [59997.96, 0.4343]], "asks": [[60000.96, 2.2628], [60001.46, 0.6343], [60001.96, 0.366], [60002.46, 0.4118], [60002.96, 0.6456]]}
{"ts": 1755546239.2375133, "bids": [[59999.54, 2.0149], [59999.04, 0.9255], [59998.54, 0.4761], [59998.04, 0.5595], [59997.54, 0.7997]], "asks": [[60000.54, 2.1376], [60001.04, 1.4198], [60001.54, 0.8833], [60002.04, 0.7288], [60002.54, 0.232]]}
{"ts": 1755546239.4875133, "bids": [[59999.65, 2.2305], [59999.15, 1.1517], [59998.65, 1.0946], [59998.15, 0.1], [59997.65, 0.6859]], "asks": [[60000.65, 2.4266], [60001.15, 1.2507], [60001.65, 0.6385], [60002.15, 0.3404], [60002.65, 0.1]]}
{"ts": 1755546239.7375133, "bids": [[59999.38, 2.2559], [59998.88, 0.977], [59998.38, 1.241], [59997.88, 0.3269], [59997.38, 0.1]], "asks": [[60000.38, 2.0523], [60000.88, 1.2052], [60001.38, 0.4513], [60001.88, 0.9023], [60002.38, 0.8057]]}
{"ts": 1755546239.9875133, "bids": [[59999.33, 1.9789], [59998.83, 0.783], [59998.33, 0.1143], [59997.83, 0.3297], [59997.33, 0.758]], "asks": [[60000.33, 2.2248], [60000.83, 0.9119], [60001.33, 0.3419], [60001.83, 0.6247], [60002.33, 0.3945]]}
{"ts": 1755546240.2375133, "bids": [[59998.93, 2.1383], [59998.43, 0.6299], [59997.93, 0.5707], [59997.43, 0.1], [59996.93, 0.1]], "asks": [[59999.93, 2.0422], [60000.43, 0.6183], [60000.93, 0.7177], [60001.43, 1.1769], [60001.93, 0.2547]]}
{"ts": 1755546240.4875133, "bids": [[59999.29, 2.4779], [59998.79, 0.8451], [59998.29, 0.6214], [59997.79, 0.7449], [59997.29, 0.1]], "asks": [[60000.29, 2.0345], [60000.79, 0.6615], [60001.29, 1.0937], [60001.79, 0.7067], [60002.29, 0.6133]]}
{"ts": 1755546240.7375133, "bids": [[59999.66, 1.9703], [59999.16, 1.2871], [59998.66, 0.8402], [59998.16, 0.2359], [59997.66, 0.6916]], "asks": [[60000.66, 2.3523], [60001.16, 1.5969], [60001.66, 0.4831], [60002.16, 0.185], [60002.66, 0.8168]]}
{"ts": 1755546240.9875133, "bids": [[59999.7, 2.066], [59999.2, 1.2656], [59998.7, 1.3517], [59998.2, 0.9097], [59997.7, 0.3634]], "asks": [[60000.7, 1.6371], [60001.2, 1.001], [60001.7, 0.7509], [60002.2, 0.109], [60002.7, 0.4969]]}
{"ts": 1755546241.2375133, "bids": [[60000.08, 2.12], [59999.58, 0.8868], [59999.08, 0.7007], [59998.58, 0.7357], [59998.08, 0.176]], "asks": [[60001.08, 1.9585], [60001.58, 1.01], [60002.08, 0.1566], [60002.58, 0.746], [60003.08, 0.3275]]}
{"ts": 1755546241.4875133, "bids": [[60000.45, 1.8167], [59999.95, 0.5293], [59999.45, 0.745], [59998.95, 0.9344], [59998.45, 0.1]], "asks": [[60001.45, 2.0961], [60001.95, 0.8814], [60002.45, 0.9139], [60002.95, 0.4868], [60003.45, 0.5374]]}
{"ts": 1755546241.7375133, "bids": [[60000.07, 2.0431], [59999.57, 0.8156], [59999.07, 0.6881], [59998.57, 0.353], [59998.07, 0.8926]], "asks": [[60001.07, 2.2691], [60001.57, 0.8857], [60002.07, 0.7798], [60002.57, 0.3413], [60003.07, 0.1]]}
{"ts": 1755546241.9875133, "bids": [[59999.64, 2.0336], [59999.14, 1.0356], [59998.64, 1.0254], [59998.14, 0.1], [59997.64, 0.4689]], "asks": [[60000.64, 2.4448], [60001.14, 1.1558], [60001.64, 0.5128], [60002.14, 0.5898], [60002.64, 0.2176]]}
{"ts": 1755546242.2375133, "bids": [[59999.24, 1.7142], [59998.74, 0.5255], [59998.24, 0.2666], [59997.74, 0.7481], [59997.24, 0.1]], "asks": [[60000.24, 2.1322], [60000.74, 1.0997], [60001.24, 0.1], [60001.74, 0.6765], [60002.24, 0.9052]]}
{"ts": 1755546242.4875133, "bids": [[59998.99, 2.1201], [59998.49, 0.7862], [59997.99, 0.6675], [59997.49, 0.1], [59996.99, 0.3081]], "asks": [[59999.99, 2.3045], [60000.49, 1.1143], [60000.99, 1.3465], [60001.49, 0.7086], [60001.99, 0.3699]]}
{"ts": 1755546242.7375133, "bids": [[59999.49, 2.4069], [59998.99, 1.5217], [59998.49, 0.8403], [59997.99, 0.5686], [59997.49, 0.6732]], "asks": [[60000.49, 1.322], [60000.99, 0.7398], [60001.49, 0.9659], [60001.99, 0.7959], [60002.49, 0.5055]]}
{"ts": 1755546242.9875133, "bids": [[59999.97, 1.9499], [59999.47, 0.6979], [59998.97, 1.6161], [59998.47, 0.1], [59997.97, 0.5417]], "asks": [[60000.97, 2.5229], [60001.47, 1.0878], [60001.97, 0.4057], [60002.47, 0.336], [60002.97, 0.608]]}
{"ts": 1755546243.2375133, "bids": [[60000.44, 1.6704], [59999.94, 0.9987], [59999.44, 0.3605], [59998.94, 0.6056], [59998.44, 0.5189]], "asks": [[60001.44, 1.821], [60001.94, 0.8971], [60002.44, 0.4877], [60002.94, 0.3597], [60003.44, 0.3701]]}
{"ts": 1755546243.4875133, "bids": [[60000.13, 1.6279], [59999.63, 1.0141], [59999.13, 0.8407], [59998.63, 0.1544], [59998.13, 0.1]], "asks": [[60001.13, 1.747], [60001.63, 1.151], [60002.13, 0.5232], [60002.63, 0.2667], [60003.13, 0.593]]}
{"ts": 1755546243.7375133, "bids": [[60000.15, 2.186], [59999.65, 0.9533], [59999.15, 0.3115], [59998.65, 0.4192], [59998.15, 0.4014]], "asks": [[60001.15, 1.9191], [60001.65, 0.7834], [60002.15, 0.9393], [60002.65, 0.7488], [60003.15, 0.2836]]}
{"ts": 1755546243.9875133, "bids": [[60000.11, 2.9991], [59999.61, 1.1861], [59999.11, 0.6001], [59998.61, 0.952], [59998.11, 0.28]], "asks": [[60001.11, 1.9903], [60001.61, 1.0923], [60002.11, 1.3615], [60002.61, 0.1], [60003.11, 0.5285]]}
{"ts": 1755546244.2375133, "bids": [[60000.44, 1.8812], [59999.94, 1.4357], [59999.44, 1.219], [59998.94, 0.3648], [59998.44, 0.5494]], "asks": [[60001.44, 1.6048], [60001.94, 0.965], [60002.44, 0.6938], [60002.94, 0.9216], [60003.44, 0.3397]]}
{"ts": 1755546244.4875133, "bids": [[60000.06, 2.2979], [59999.56, 0.9428], [59999.06, 0.6258], [59998.56, 0.3438], [59998.06, 0.1]], "asks": [[60001.06, 2.2372], [60001.56, 1.4048], [60002.06, 0.4684], [60002.56, 0.3246], [60003.06, 0.4469]]}
{"ts": 1755546244.7375133, "bids": [[60000.41, 2.2634], [59999.91, 0.9958], [59999.41, 0.7232], [59998.91, 0.463], [59998.41, 0.1]], "asks": [[60001.41, 2.1726], [60001.91, 1.0249], [60002.41, 0.2433], [60002.91, 0.9919], [60003.41, 0.2989]]}
{"ts": 1755546244.9875133, "bids": [[59999.91, 2.5534], [59999.41, 1.3102], [59998.91, 0.8676], [59998.41, 0.5936], [59997.91, 0.1701]], "asks": [[60000.91, 2.283], [60001.41, 0.7861], [60001.91, 0.3249], [60002.41, 0.6256], [60002.91, 0.9998]]}
{"ts": 1755546245.2375133, "bids": [[60000.21, 2.4116], [59999.71, 1.0564], [59999.21, 1.0836], [59998.71, 0.7287], [59998.21, 0.2738]], "asks": [[60001.21, 1.5069], [60001.71, 1.2202], [60002.21, 0.9809], [60002.71, 0.2961], [60003.21, 0.2805]]}
{"ts": 1755546245.4875133, "bids": [[60000.64, 2.541], [60000.14, 1.2308], [59999.64, 1.1507], [59999.14, 0.1576], [59998.64, 0.5932]], "asks": [[60001.64, 1.3833], [60002.14, 0.4251], [60002.64, 0.7427], [60003.14, 1.103], [60003.64, 0.1]]}
{"ts": 1755546245.7375133, "bids": [[60000.95, 1.9444], [60000.45, 1.4735], [59999.95, 0.8009], [59999.45, 0.6354], [59998.95, 0.2184]], "asks": [[60001.95, 2.525], [60002.45, 1.3822], [60002.95, 0.5015], [60003.45, 0.1955], [60003.95, 0.9026]]}
{"ts": 1755546245.9875133, "bids": [[60000.68, 2.1944], [60000.18, 0.7169], [59999.68, 0.9042], [59999.18, 0.309], [59998.68, 0.7693]], "asks": [[60001.68, 2.0291], [60002.18, 1.5286], [60002.68, 0.6165], [60003.18, 0.2647], [60003.68, 0.3561]]}
{"ts": 1755546246.2375133, "bids": [[60001.12, 2.5959], [60000.62, 1.3336], [60000.12, 0.6527], [59999.62, 0.1], [59999.12, 0.2405]], "asks": [[60002.12, 2.5277], [60002.62, 1.6927], [60003.12, 0.8097], [60003.62, 0.6936], [60004.12, 0.7772]]}
{"ts": 1755546246.4875133, "bids": [[60001.13, 1.7047], [60000.63, 0.986], [60000.13, 1.3505], [59999.63, 0.1], [59999.13, 0.3774]], "asks": [[60002.13, 2.2597], [60002.63, 1.471], [60003.13, 0.6739], [60003.63, 0.3856], [60004.13, 0.1]]}
{"ts": 1755546246.7375133, "bids": [[60000.99, 2.4011], [60000.49, 0.8743], [59999.99, 0.9431], [59999.49, 0.4198], [59998.99, 0.1446]], "asks": [[60001.99, 2.1886], [60002.49, 1.228], [60002.99, 0.2761], [60003.49, 0.7453], [60003.99, 0.5657]]}
{"ts": 1755546246.9875133, "bids": [[60000.79, 2.2184], [60000.29, 1.4199], [59999.79, 1.0065], [59999.29, 0.381], [59998.79, 0.6467]], "asks": [[60001.79, 2.2247], [60002.29, 0.8349], [60002.79, 0.4288], [60003.29, 0.8588], [60003.79, 0.4006]]}
{"ts": 1755546247.2375133, "bids": [[60000.72, 1.6166], [60000.22, 0.6837], [59999.72, 0.7435], [59999.22, 0.9351], [59998.72, 0.4611]], "asks": [[60001.72, 1.7893], [60002.22, 1.0707], [60002.72, 0.9975], [60003.22, 0.1888], [60003.72, 0.5106]]}
{"ts": 1755546247.4875133, "bids": [[60000.74, 1.8181], [60000.24, 1.2085], [59999.74, 0.5669], [59999.24, 0.521], [59998.74, 0.411]], "asks": [[60001.74, 1.799], [60002.24, 0.5452], [60002.74, 0.4774], [60003.24, 0.5633], [60003.74, 0.7405]]}
{"ts": 1755546247.7375133, "bids": [[60001.08, 2.2784], [60000.58, 0.8647], [60000.08, 0.5508], [59999.58, 0.5166], [59999.08, 0.8999]], "asks": [[60002.08, 2.1371], [60002.58, 0.8564], [60003.08, 0.336], [60003.58, 0.938], [60004.08, 0.4174]]}
{"ts": 1755546247.9875133, "bids": [[60001.35, 2.2475], [60000.85, 1.3391], [60000.35, 0.571], [59999.85, 0.5029], [59999.35, 0.1]], "asks": [[60002.35, 2.196], [60002.85, 1.6749], [60003.35, 0.6558], [60003.85, 1.0827], [60004.35, 0.5457]]}
{"ts": 1755546248.2375133, "bids": [[60001.52, 2.4024], [60001.02, 1.6013], [60000.52, 0.3033], [60000.02, 0.1], [59999.52, 0.1]], "asks": [[60002.52, 1.9693], [60003.02, 0.8048], [60003.52, 0.3558], [60004.02, 0.483], [60004.52, 0.2104]]}
{"ts": 1755546248.4875133, "bids": [[60001.77, 1.7706], [60001.27, 1.0074], [60000.77, 0.7028], [60000.27, 0.3319], [59999.77, 0.6175]], "asks": [[60002.77, 2.0368], [60003.27, 1.4274], [60003.77, 0.3043], [60004.27, 0.3282], [60004.77, 0.5151]]}
{"ts": 1755546248.7375133, "bids": [[60001.54, 1.8414], [60001.04, 1.1404], [60000.54, 0.5047], [60000.04, 0.7823], [59999.54, 0.1]], "asks": [[60002.54, 2.3386], [60003.04, 1.1662], [60003.54, 0.2258], [60004.04, 0.6206], [60004.54, 0.3177]]}
{"ts": 1755546248.9875133, "bids": [[60001.24, 1.4295], [60000.74, 0.6004], [60000.24, 0.9842], [59999.74, 0.4762], [59999.24, 0.1004]], "asks": [[60002.24, 2.313], [60002.74, 0.7668], [60003.24, 0.2663], [60003.74, 0.5223], [60004.24, 0.8029]]}
{"ts": 1755546249.2375133, "bids": [[60001.6, 2.2994], [60001.1, 0.9941], [60000.6, 0.4979], [60000.1, 0.5613], [59999.6, 0.667]], "asks": [[60002.6, 1.9098], [60003.1, 0.623], [60003.6, 0.5387], [60004.1, 0.8151], [60004.6, 0.4492]]}
{"ts": 1755546249.4875133, "bids": [[60001.78, 1.8514], [60001.28, 0.8465], [60000.78, 0.6162], [60000.28, 0.1959], [59999.78, 0.8242]], "asks": [[60002.78, 2.1019], [60003.28, 1.0319], [60003.78, 0.6179], [60004.28, 0.7389], [60004.78, 0.4729]]}
{"ts": 1755546249.7375133, "bids": [[60001.41, 1.9064], [60000.91, 0.85], [60000.41, 0.4309], [59999.91, 0.1367], [59999.41, 0.5126]], "asks": [[60002.41, 2.023], [60002.91, 1.1425], [60003.41, 1.1164], [60003.91, 0.8449], [60004.41, 0.2009]]}
{"ts": 1755546249.9875133, "bids": [[60000.99, 2.3708], [60000.49, 1.2784], [59999.99, 0.3596], [59999.49, 0.2091], [59998.99, 0.5901]], "asks": [[60001.99, 2.0454], [60002.49, 0.9998], [60002.99, 0.2433], [60003.49, 0.1], [60003.99, 0.3377]]}
{"ts": 1755546250.2375133, "bids": [[60000.52, 2.0897], [60000.02, 0.8126], [59999.52, 0.7597], [59999.02, 0.5193], [59998.52, 0.1]], "asks": [[60001.52, 2.1274], [60002.02, 0.6619], [60002.52, 1.1225], [60003.02, 0.3192], [60003.52, 0.1]]}
{"ts": 1755546250.4875133, "bids": [[60000.13, 2.3273], [59999.63, 1.0532], [59999.13, 0.4954], [59998.63, 0.7912], [59998.13, 0.374]], "asks": [[60001.13, 1.2965], [60001.63, 1.043], [60002.13, 1.0841], [60002.63, 0.4217], [60003.13, 0.2836]]}
{"ts": 1755546250.7375133, "bids": [[60000.32, 1.903], [59999.82, 1.0823], [59999.32, 0.5436], [59998.82, 1.0214], [59998.32, 0.218]], "asks": [[60001.32, 1.9003], [60001.82, 0.4212], [60002.32, 0.5768], [60002.82, 0.4469], [60003.32, 0.6599]]}
{"ts": 1755546250.9875133, "bids": [[60000.19, 1.7261], [59999.69, 1.3266], [59999.19, 1.2684], [59998.69, 0.1289], [59998.19, 0.315]], "asks": [[60001.19, 1.9897], [60001.69, 0.548], [60002.19, 1.1367], [60002.69, 0.1], [60003.19, 0.1]]}
{"ts": 1755546251.2375133, "bids": [[60000.42, 2.2325], [59999.92, 1.1333], [59999.42, 0.3475], [59998.92, 0.4718], [59998.42, 0.7373]], "asks": [[60001.42, 1.9488], [60001.92, 0.6517], [60002.42, 0.6999], [60002.92, 0.2645], [60003.42, 0.1]]}
{"ts": 1755546251.4875133, "bids": [[60000.01, 2.1651], [59999.51, 0.5982], [59999.01, 0.6142], [59998.51, 0.6126], [59998.01, 0.5265]], "asks": [[60001.01, 1.8481], [60001.51, 1.0906], [60002.01, 0.7166], [60002.51, 0.3469], [60003.01, 0.9213]]}
{"ts": 1755546251.7375133, "bids": [[59999.85, 2.3406], [59999.35, 0.993], [59998.85, 0.7869], [59998.35, 0.4351], [59997.85, 0.4236]], "asks": [[60000.85, 1.6815], [60001.35, 1.0423], [60001.85, 0.626], [60002.35, 0.1587], [60002.85, 0.1]]}
{"ts": 1755546251.9875133, "bids": [[60000.0, 1.4685], [59999.5, 1.1771], [59999.0, 0.5749], [59998.5, 0.2039], [59998.0, 0.1]], "asks": [[60001.0, 2.0307], [60001.5, 1.1172], [60002.0, 0.4271], [60002.5, 0.3335], [60003.0, 0.339]]}
{"ts": 1755546252.2375133, "bids": [[60000.24, 1.7728], [59999.74, 0.9701], [59999.24, 0.8092], [59998.74, 0.7717], [59998.24, 0.4147]], "asks": [[60001.24, 2.4084], [60001.74, 1.2263], [60002.24, 0.8016], [60002.74, 0.7537], [60003.24, 0.2086]]}
{"ts": 1755546252.4875133, "bids": [[59999.96, 1.5206], [59999.46, 1.3619], [59998.96, 0.6382], [59998.46, 0.5741], [59997.96, 0.4217]], "asks": [[60000.96, 2.0478], [60001.46, 0.9464], [60001.96, 0.8018], [60002.46, 0.7024], [60002.96, 0.4457]]}
{"ts": 1755546252.7375133, "bids": [[59999.99, 1.8765], [59999.49, 0.562], [59998.99, 1.0905], [59998.49, 0.1], [59997.99, 0.1]], "asks": [[60000.99, 2.8023], [60001.49, 0.8474], [60001.99, 1.0974], [60002.49, 0.5349], [60002.99, 0.2484]]}
{"ts": 1755546252.9875133, "bids": [[59999.93, 2.0391], [59999.43, 1.3188], [59998.93, 0.7996], [59998.43, 0.8778], [59997.93, 0.561]], "asks": [[60000.93, 2.0893], [60001.43, 0.8763], [60001.93, 0.3937], [60002.43, 0.6897], [60002.93, 0.4564]]}
{"ts": 1755546253.2375133, "bids": [[60000.0, 1.682], [59999.5, 1.3753], [59999.0, 0.2501], [59998.5, 0.5555], [59998.0, 0.1]], "asks": [[60001.0, 2.904], [60001.5, 1.3456], [60002.0, 0.338], [60002.5, 0.8606], [60003.0, 0.4993]]}
{"ts": 1755546253.4875133, "bids": [[60000.36, 2.2556], [59999.86, 0.7019], [59999.36, 0.6213], [59998.86, 0.5541], [59998.36, 0.3064]], "asks": [[60001.36, 1.984], [60001.86, 0.7164], [60002.36, 0.1], [60002.86, 0.6993], [60003.36, 0.2517]]}
{"ts": 1755546253.7375133, "bids": [[60000.03, 2.0196], [59999.53, 0.6166], [59999.03, 0.6109], [59998.53, 0.3751], [59998.03, 0.1]], "asks": [[60001.03, 2.01], [60001.53, 1.1232], [60002.03, 0.8771], [60002.53, 0.1], [60003.03, 0.5303]]}
{"ts": 1755546253.9875133, "bids": [[60000.46, 2.0989], [59999.96, 0.6299], [59999.46, 0.3313], [59998.96, 0.1066], [59998.46, 0.4535]], "asks": [[60001.46, 1.5916], [60001.96, 0.4072], [60002.46, 0.8372], [60002.96, 0.1], [60003.46, 0.2976]]}
{"ts": 1755546254.2375133, "bids": [[60000.12, 1.8234], [59999.62, 0.7755], [59999.12, 0.9921], [59998.62, 0.2772], [59998.12, 0.1]], "asks": [[60001.12, 2.4665], [60001.62, 0.8957], [60002.12, 0.9894], [60002.62, 0.1], [60003.12, 0.399]]}
{"ts": 1755546254.4875133, "bids": [[59999.7, 2.3091], [59999.2, 0.9], [59998.7, 1.3108], [59998.2, 0.7019], [59997.7, 1.5256]], "asks": [[60000.7, 2.0791], [60001.2, 1.2046], [60001.7, 1.083], [60002.2, 0.1633], [60002.7, 0.1]]}
{"ts": 1755546254.7375133, "bids": [[59999.87, 1.9895], [59999.37, 1.0133], [59998.87, 0.2793], [59998.37, 0.6661], [59997.87, 0.1688]], "asks": [[60000.87, 2.0853], [60001.37, 0.662], [60001.87, 0.1227], [60002.37, 0.8617], [60002.87, 0.1385]]}
{"ts": 1755546254.9875133, "bids": [[59999.47, 1.844], [59998.97, 0.715], [59998.47, 0.4448], [59997.97, 0.3281], [59997.47, 0.5474]], "asks": [[60000.47, 2.2206], [60000.97, 0.4806], [60001.47, 1.0713], [60001.97, 1.2022], [60002.47, 0.1]]}
{"ts": 1755546255.2375133, "bids": [[59999.42, 1.8954], [59998.92, 1.3], [59998.42, 0.1], [59997.92, 0.2943], [59997.42, 0.2346]], "asks": [[60000.42, 2.2436], [60000.92, 0.9431], [60001.42, 0.5849], [60001.92, 0.1862], [60002.42, 0.5003]]}
{"ts": 1755546255.4875133, "bids": [[59999.28, 2.017], [59998.78, 1.0127], [59998.28, 0.1], [59997.78, 0.1], [59997.28, 0.9832]], "asks": [[60000.28, 1.5799], [60000.78, 0.798], [60001.28, 0.4574], [60001.78, 0.6761], [60002.28, 0.9576]]}
{"ts": 1755546255.7375133, "bids": [[59999.39, 2.0118], [59998.89, 0.6389], [59998.39, 1.4462], [59997.89, 0.785], [59997.39, 0.8193]], "asks": [[60000.39, 2.1758], [60000.89, 0.8806], [60001.39, 1.1837], [60001.89, 0.3264], [60002.39, 0.7814]]}
{"ts": 1755546255.9875133, "bids": [[59999.39, 1.9255], [59998.89, 0.9165], [59998.39, 0.8892], [59997.89, 0.2201], [59997.39, 0.7152]], "asks": [[60000.39, 1.6501], [60000.89, 1.5631], [60001.39, 0.6389], [60001.89, 0.4066], [60002.39, 0.2315]]}
{"ts": 1755546256.2375133, "bids": [[59999.77, 2.1584], [59999.27, 1.0773], [59998.77, 0.9938], [59998.27, 0.6049], [59997.77, 0.2802]], "asks": [[60000.77, 1.8181], [60001.27, 0.6991], [60001.77, 0.5233], [60002.27, 0.279], [60002.77, 0.7805]]}
{"ts": 1755546256.4875133, "bids": [[60000.27, 1.8302], [59999.77, 0.732], [59999.27, 0.3108], [59998.77, 0.246], [59998.27, 0.5744]], "asks": [[60001.27, 2.0111], [60001.77, 0.9337], [60002.27, 0.5463], [60002.77, 0.5732], [60003.27, 0.8299]]}
{"ts": 1755546256.7375133, "bids": [[60000.34, 2.0535], [59999.84, 1.4772], [59999.34, 0.5145], [59998.84, 0.1658], [59998.34, 0.7628]], "asks": [[60001.34, 2.5158], [60001.84, 1.1343], [60002.34, 0.1402], [60002.84, 0.7906], [60003.34, 0.1]]}
{"ts": 1755546256.9875133, "bids": [[60000.33, 2.3448], [59999.83, 0.489], [59999.33, 0.894], [59998.83, 0.1729], [59998.33, 0.3469]], "asks": [[60001.33, 2.0817], [60001.83, 0.6749], [60002.33, 0.437], [60002.83, 0.4462], [60003.33, 0.1]]}
{"ts": 1755546257.2375133, "bids": [[60000.49, 2.191], [59999.99, 1.2677], [59999.49, 0.5136], [59998.99, 0.8501], [59998.49, 0.586]], "asks": [[60001.49, 2.2786], [60001.99, 0.9475], [60002.49, 0.2599], [60002.99, 0.1], [60003.49, 0.1732]]}
{"ts": 1755546257.4875133, "bids": [[60000.31, 1.9011], [59999.81, 1.0564], [59999.31, 1.0518], [59998.81, 1.4107], [59998.31, 0.3935]], "asks": [[60001.31, 1.5034], [60001.81, 0.9417], [60002.31, 0.8433], [60002.81, 0.1], [60003.31, 0.1]]}
{"ts": 1755546257.7375133, "bids": [[59999.9, 1.5937], [59999.4, 0.5669], [59998.9, 0.7423], [59998.4, 0.5715], [59997.9, 0.2811]], "asks": [[60000.9, 1.5464], [60001.4, 1.16], [60001.9, 0.6142], [60002.4, 0.2604], [60002.9, 0.5191]]}
{"ts": 1755546257.9875133, "bids": [[59999.94, 1.5129], [59999.44, 1.0586], [59998.94, 0.9538], [59998.44, 0.5382], [59997.94, 0.6076]], "asks": [[60000.94, 1.7858], [60001.44, 1.1066], [60001.94, 0.3641], [60002.44, 1.1616], [60002.94, 0.6612]]}
{"ts": 1755546258.2375133, "bids": [[59999.69, 1.9986], [59999.19, 1.2173], [59998.69, 0.5894], [59998.19, 0.2421], [59997.69, 0.1]], "asks": [[60000.69, 2.0412], [60001.19, 0.3922], [60001.69, 0.5086], [60002.19, 0.5989], [60002.69, 0.1761]]}
{"ts": 1755546258.4875133, "bids": [[59999.61, 1.9996], [59999.11, 1.0927], [59998.61, 0.4471], [59998.11, 0.147], [59997.61, 0.6507]], "asks": [[60000.61, 2.5796], [60001.11, 1.2807], [60001.61, 0.6899], [60002.11, 0.3287], [60002.61, 0.3885]]}
{"ts": 1755546258.7375133, "bids": [[60000.09, 1.869], [59999.59, 0.5821], [59999.09, 0.6635], [59998.59, 0.2241], [59998.09, 0.603]], "asks": [[60001.09, 1.7985], [60001.59, 0.8163], [60002.09, 0.5716], [60002.59, 0.2821], [60003.09, 0.2605]]}
{"ts": 1755546258.9875133, "bids": [[60000.39, 1.7813], [59999.89, 0.7269], [59999.39, 0.4565], [59998.89, 0.1906], [59998.39, 0.1]], "asks": [[60001.39, 1.8258], [60001.89, 0.6838], [60002.39, 0.2359], [60002.89, 0.1], [60003.39, 0.1]]}
{"ts": 1755546259.2375133, "bids": [[60000.54, 1.8829], [60000.04, 0.5725], [59999.54, 0.8784], [59999.04, 0.497], [59998.54, 0.652]], "asks": [[60001.54, 2.3015], [60002.04, 0.7665], [60002.54, 0.8013], [60003.04, 0.3136], [60003.54, 0.6758]]}
{"ts": 1755546259.4875133, "bids": [[60001.01, 1.3487], [60000.51, 1.112], [60000.01, 0.8222], [59999.51, 0.6727], [59999.01, 0.3215]], "asks": [[60002.01, 1.8721], [60002.51, 0.7977], [60003.01, 0.3598], [60003.51, 0.1], [60004.01, 0.5259]]}
{"ts": 1755546259.7375133, "bids": [[60001.47, 2.4955], [60000.97, 1.3073], [60000.47, 1.445], [59999.97, 0.5963], [59999.47, 0.4127]], "asks": [[60002.47, 2.6048], [60002.97, 0.6293], [60003.47, 0.5681], [60003.97, 0.2304], [60004.47, 0.3514]]}
{"ts": 1755546259.9875133, "bids": [[60001.51, 1.5695], [60001.01, 0.8136], [60000.51, 0.9797], [60000.01, 0.6701], [59999.51, 1.0153]], "asks": [[60002.51, 2.1257], [60003.01, 0.6488], [60003.51, 0.1], [60004.01, 0.6378], [60004.51, 0.4976]]}
{"ts": 1755546260.2375133, "bids": [[60001.57, 2.1828], [60001.07, 1.5155], [60000.57, 0.881], [60000.07, 0.362], [59999.57, 0.6412]], "asks": [[60002.57, 1.8923], [60003.07, 1.2163], [60003.57, 0.5295], [60004.07, 0.5897], [60004.57, 0.3153]]}
{"ts": 1755546260.4875133, "bids": [[60001.56, 2.5135], [60001.06, 1.2171], [60000.56, 0.4297], [60000.06, 0.7949], [59999.56, 0.3916]], "asks": [[60002.56, 2.3594], [60003.06, 1.2483], [60003.56, 0.2325], [60004.06, 0.3959], [60004.56, 0.2264]]}
{"ts": 1755546260.7375133, "bids": [[60001.48, 2.2826], [60000.98, 0.3815], [60000.48, 0.9492], [59999.98, 0.1], [59999.48, 0.4844]], "asks": [[60002.48, 2.2027], [60002.98, 1.4028], [60003.48, 0.7256], [60003.98, 0.7562], [60004.48, 0.2918]]}
{"ts": 1755546260.9875133, "bids": [[60001.66, 1.204], [60001.16, 0.8092], [60000.66, 0.7232], [60000.16, 0.6909], [59999.66, 0.176]], "asks": [[60002.66, 1.7716], [60003.16, 1.2345], [60003.66, 0.809], [60004.16, 0.2303], [60004.66, 0.1]]}
{"ts": 1755546261.2375133, "bids": [[60001.76, 2.5227], [60001.26, 1.0063], [60000.76, 0.5627], [60000.26, 0.5194], [59999.76, 0.5286]], "asks": [[60002.76, 2.0706], [60003.26, 1.1555], [60003.76, 0.622], [60004.26, 0.2965], [60004.76, 0.9918]]}
{"ts": 1755546261.4875133, "bids": [[60001.59, 2.3868], [60001.09, 1.5931], [60000.59, 0.7639], [60000.09, 0.4992], [59999.59, 0.3636]], "asks": [[60002.59, 2.5156], [60003.09, 1.0106], [60003.59, 0.7916], [60004.09, 0.6858], [60004.59, 0.3419]]}
{"ts": 1755546261.7375133, "bids": [[60001.1, 2.055], [60000.6, 0.917], [60000.1, 1.1338], [59999.6, 0.1], [59999.1, 0.1]], "asks": [[60002.1, 1.7858], [60002.6, 1.1661], [60003.1, 0.8263], [60003.6, 0.419], [60004.1, 0.4774]]}
{"ts": 1755546261.9875133, "bids": [[60001.12, 2.275], [60000.62, 1.0841], [60000.12, 0.7916], [59999.62, 0.171], [59999.12, 0.5036]], "asks": [[60002.12, 2.2248], [60002.62, 0.97], [60003.12, 0.1], [60003.62, 0.4554], [60004.12, 0.3762]]}
{"ts": 1755546262.2375133, "bids": [[60001.1, 1.6278], [60000.6, 0.3433], [60000.1, 0.7769], [59999.6, 0.414], [59999.1, 0.3335]], "asks": [[60002.1, 2.2647], [60002.6, 1.0402], [60003.1, 0.7215], [60003.6, 0.4304], [60004.1, 0.8196]]}
{"ts": 1755546262.4875133, "bids": [[60001.14, 1.5587], [60000.64, 0.6762], [60000.14, 0.5585], [59999.64, 0.3248], [59999.14, 0.1005]], "asks": [[60002.14, 2.8637], [60002.64, 0.9371], [60003.14, 0.5823], [60003.64, 0.1], [60004.14, 0.1]]}
{"ts": 1755546262.7375133, "bids": [[60001.36, 2.0717], [60000.86, 1.0368], [60000.36, 0.3687], [59999.86, 0.7617], [59999.36, 0.2523]], "asks": [[60002.36, 2.3209], [60002.86, 1.2705], [60003.36, 0.7563], [60003.86, 0.678], [60004.36, 0.1498]]}
{"ts": 1755546262.9875133, "bids": [[60001.02, 2.099], [60000.52, 1.0652], [60000.02, 1.0705], [59999.52, 0.6447], [59999.02, 0.1]], "asks": [[60002.02, 1.948], [60002.52, 0.8844], [60003.02, 0.947], [60003.52, 0.146], [60004.02, 0.2008]]}
{"ts": 1755546263.2375133, "bids": [[60000.85, 2.2016], [60000.35, 0.7465], [59999.85, 0.9906], [59999.35, 0.8984], [59998.85, 0.1651]], "asks": [[60001.85, 2.1947], [60002.35, 0.5693], [60002.85, 0.3133], [60003.35, 0.4198], [60003.85, 0.7164]]}
{"ts": 1755546263.4875133, "bids": [[60000.56, 1.8818], [60000.06, 1.4507], [59999.56, 0.3241], [59999.06, 0.1], [59998.56, 0.8576]], "asks": [[60001.56, 1.8219], [60002.06, 1.3645], [60002.56, 1.0428], [60003.06, 0.2556], [60003.56, 0.1]]}
{"ts": 1755546263.7375133, "bids": [[60000.88, 1.6746], [60000.38, 1.6808], [59999.88, 0.78], [59999.38, 0.6978], [59998.88, 0.301]], "asks": [[60001.88, 1.7183], [60002.38, 1.1133], [60002.88, 0.4589], [60003.38, 0.9233], [60003.88, 0.6548]]}
{"ts": 1755546263.9875133, "bids": [[60000.38, 2.2652], [59999.88, 0.8653], [59999.38, 0.6165], [59998.88, 0.4949], [59998.38, 0.1601]], "asks": [[60001.38, 1.7171], [60001.88, 1.0969], [60002.38, 0.6111], [60002.88, 0.2912], [60003.38, 0.5322]]}
{"ts": 1755546264.2375133, "bids": [[60000.25, 1.9078], [59999.75, 0.8848], [59999.25, 0.8327], [59998.75, 0.1684], [59998.25, 0.3388]], "asks": [[60001.25, 1.4887], [60001.75, 0.9479], [60002.25, 0.7237], [60002.75, 0.197], [60003.25, 0.8376]]}
{"ts": 1755546264.4875133, "bids": [[60000.24, 1.7761], [59999.74, 1.0046], [59999.24, 0.4452], [59998.74, 0.3495], [59998.24, 0.3545]], "asks": [[60001.24, 2.0854], [60001.74, 0.8526], [60002.24, 0.771], [60002.74, 0.188], [60003.24, 0.3207]]}
{"ts": 1755546264.7375133, "bids": [[60000.14, 1.9698], [59999.64, 0.9344], [59999.14, 0.8166], [59998.64, 0.4824], [59998.14, 0.3965]], "asks": [[60001.14, 1.9782], [60001.64, 1.196], [60002.14, 0.8417], [60002.64, 0.533], [60003.14, 0.2135]]}
{"ts": 1755546264.9875133, "bids": [[60000.02, 1.8986], [59999.52, 1.2718], [59999.02, 1.2033], [59998.52, 0.5563], [59998.02, 0.9254]], "asks": [[60001.02, 1.6615], [60001.52, 0.5294], [60002.02, 0.9278], [60002.52, 0.5153], [60003.02, 0.1161]]}
{"ts": 1755546265.2375133, "bids": [[60000.09, 1.5776], [59999.59, 0.871], [59999.09, 0.9303], [59998.59, 0.6319], [59998.09, 0.7321]], "asks": [[60001.09, 1.7901], [60001.59, 1.0734], [60002.09, 0.7014], [60002.59, 0.1052], [60003.09, 0.1]]}
{"ts": 1755546265.4875133, "bids": [[59999.68, 2.1253], [59999.18, 0.69], [59998.68, 0.4616], [59998.18, 0.356], [59997.68, 0.5764]], "asks": [[60000.68, 1.8143], [60001.18, 0.8063], [60001.68, 0.8242], [60002.18, 0.7284], [60002.68, 0.7122]]}
{"ts": 1755546265.7375133, "bids": [[59999.29, 1.349], [59998.79, 0.7172], [59998.29, 0.898], [59997.79, 0.5145], [59997.29, 0.5325]], "asks": [[60000.29, 1.9592], [60000.79, 1.3924], [60001.29, 0.1664], [60001.79, 0.6682], [60002.29, 0.7853]]}
{"ts": 1755546265.9875133, "bids": [[59999.55, 1.8952], [59999.05, 1.0501], [59998.55, 0.6808], [59998.05, 0.1], [59997.55, 0.1]], "asks": [[60000.55, 1.8447], [60001.05, 0.6534], [60001.55, 0.1601], [60002.05, 0.715], [60002.55, 0.232]]}
{"ts": 1755546266.2375133, "bids": [[59999.68, 2.2772], [59999.18, 1.0658], [59998.68, 0.4285], [59998.18, 0.4842], [59997.68, 0.1416]], "asks": [[60000.68, 1.6826], [60001.18, 1.0917], [60001.68, 0.7572], [60002.18, 0.6008], [60002.68, 0.3881]]}
{"ts": 1755546266.4875133, "bids": [[59999.63, 2.5306], [59999.13, 1.5312], [59998.63, 0.9213], [59998.13, 0.1659], [59997.63, 0.1]], "asks": [[60000.63, 2.1982], [60001.13, 1.278], [60001.63, 0.3396], [60002.13, 0.4852], [60002.63, 0.2221]]}
{"ts": 1755546266.7375133, "bids": [[60000.03, 1.4804], [59999.53, 0.8472], [59999.03, 0.4971], [59998.53, 0.6298], [59998.03, 0.6217]], "asks": [[60001.03, 2.1698], [60001.53, 0.7844], [60002.03, 0.6928], [60002.53, 0.5532], [60003.03, 0.237]]}
{"ts": 1755546266.9875133, "bids": [[60000.24, 1.8154], [59999.74, 1.0046], [59999.24, 0.3279], [59998.74, 0.6572], [59998.24, 0.3369]], "asks": [[60001.24, 1.9947], [60001.74, 1.3219], [60002.24, 0.8022], [60002.74, 0.7435], [60003.24, 0.701]]}
{"ts": 1755546267.2375133, "bids": [[60000.08, 1.5676], [59999.58, 0.9334], [59999.08, 1.0412], [59998.58, 0.3975], [59998.08, 0.1]], "asks": [[60001.08, 1.6945], [60001.58, 0.9115], [60002.08, 0.9195], [60002.58, 0.9702], [60003.08, 0.1]]}
{"ts": 1755546267.4875133, "bids": [[60000.45, 1.8016], [59999.95, 1.1755], [59999.45, 1.1217], [59998.95, 0.1861], [59998.45, 0.6389]], "asks": [[60001.45, 2.3435], [60001.95, 1.2161], [60002.45, 0.573], [60002.95, 0.7533], [60003.45, 0.3019]]}
{"ts": 1755546267.7375133, "bids": [[60000.33, 2.1422], [59999.83, 0.7288], [59999.33, 0.6345], [59998.83, 0.1], [59998.33, 0.148]], "asks": [[60001.33, 1.4692], [60001.83, 0.5058], [60002.33, 0.2115], [60002.83, 0.4286], [60003.33, 0.5316]]}
{"ts": 1755546267.9875133, "bids": [[60000.19, 2.0884], [59999.69, 1.3277], [59999.19, 0.6906], [59998.69, 1.012], [59998.19, 0.8145]], "asks": [[60001.19, 2.1886], [60001.69, 0.8882], [60002.19, 0.8281], [60002.69, 0.7697], [60003.19, 0.7057]]}
{"ts": 1755546268.2375133, "bids": [[60000.53, 2.062], [60000.03, 0.7347], [59999.53, 0.865], [59999.03, 0.7965], [59998.53, 0.4722]], "asks": [[60001.53, 1.9444], [60002.03, 1.4374], [60002.53, 0.8806], [60003.03, 0.9821], [60003.53, 0.1]]}
{"ts": 1755546268.4875133, "bids": [[60000.19, 1.7148], [59999.69, 0.9014], [59999.19, 0.4359], [59998.69, 0.497], [59998.19, 0.1477]], "asks": [[60001.19, 2.1178], [60001.69, 0.8023], [60002.19, 0.7511], [60002.69, 0.1725], [60003.19, 0.3452]]}
{"ts": 1755546268.7375133, "bids": [[60000.5, 1.4412], [60000.0, 0.5093], [59999.5, 0.999], [59999.0, 0.4416], [59998.5, 0.1]], "asks": [[60001.5, 2.1102], [60002.0, 1.537], [60002.5, 0.6341], [60003.0, 0.7884], [60003.5, 0.2659]]}
{"ts": 1755546268.9875133, "bids": [[60000.82, 2.0518], [60000.32, 1.0], [59999.82, 0.9349], [59999.32, 0.9638], [59998.82, 0.5459]], "asks": [[60001.82, 1.8447], [60002.32, 1.4295], [60002.82, 0.3954], [60003.32, 0.8486], [60003.82, 0.2022]]}
{"ts": 1755546269.2375133, "bids": [[60001.08, 1.907], [60000.58, 1.1935], [60000.08, 0.8673], [59999.58, 0.2348], [59999.08, 0.4979]], "asks": [[60002.08, 2.6447], [60002.58, 1.2572], [60003.08, 0.5964], [60003.58, 0.5841], [60004.08, 0.4166]]}
{"ts": 1755546269.4875133, "bids": [[60001.08, 2.0864], [60000.58, 0.9493], [60000.08, 1.1869], [59999.58, 0.1877], [59999.08, 0.5601]], "asks": [[60002.08, 2.9643], [60002.58, 1.0508], [60003.08, 0.4252], [60003.58, 0.1], [60004.08, 0.5877]]}
{"ts": 1755546269.7375133, "bids": [[60001.41, 1.9455], [60000.91, 0.9097], [60000.41, 0.7885], [59999.91, 0.4788], [59999.41, 0.1]], "asks": [[60002.41, 1.8453], [60002.91, 0.6853], [60003.41, 0.6707], [60003.91, 1.0691], [60004.41, 0.254]]}
{"ts": 1755546269.9875133, "bids": [[60001.44, 2.1894], [60000.94, 0.9704], [60000.44, 0.1997], [59999.94, 0.3598], [59999.44, 0.7346]], "asks": [[60002.44, 2.1591], [60002.94, 1.089], [60003.44, 0.924], [60003.94, 0.5387], [60004.44, 0.173]]}
{"ts": 1755546270.2375133, "bids": [[60000.96, 1.7778], [60000.46, 1.197], [59999.96, 0.4995], [59999.46, 0.1162], [59998.96, 1.0985]], "asks": [[60001.96, 1.9785], [60002.46, 1.2493], [60002.96, 0.5197], [60003.46, 0.7219], [60003.96, 0.8167]]}
{"ts": 1755546270.4875133, "bids": [[60000.52, 1.6478], [60000.02, 1.3803], [59999.52, 0.4055], [59999.02, 0.1], [59998.52, 0.3988]], "asks": [[60001.52, 1.9418], [60002.02, 0.9721], [60002.52, 0.8814], [60003.02, 0.1], [60003.52, 0.4543]]}
{"ts": 1755546270.7375133, "bids": [[60000.81, 1.7265], [60000.31, 0.643], [59999.81, 0.6416], [59999.31, 0.8625], [59998.81, 0.4723]], "asks": [[60001.81, 2.4035], [60002.31, 0.6281], [60002.81, 0.3981], [60003.31, 0.6037], [60003.81, 0.2285]]}
{"ts": 1755546270.9875133, "bids": [[60001.09, 1.5488], [60000.59, 0.6292], [60000.09, 1.1455], [59999.59, 0.2587], [59999.09, 0.5926]], "asks": [[60002.09, 2.102], [60002.59, 0.5964], [60003.09, 0.8671], [60003.59, 0.5657], [60004.09, 0.4544]]}
{"ts": 1755546271.2375133, "bids": [[60000.63, 2.3299], [60000.13, 1.3746], [59999.63, 0.6562], [59999.13, 0.602], [59998.63, 0.5158]], "asks": [[60001.63, 1.8532], [60002.13, 0.9744], [60002.63, 1.1685], [60003.13, 0.7628], [60003.63, 0.1]]}
{"ts": 1755546271.4875133, "bids": [[60000.47, 2.2039], [59999.97, 1.3802], [59999.47, 0.9006], [59998.97, 0.8465], [59998.47, 0.1]], "asks": [[60001.47, 2.2026], [60001.97, 0.6834], [60002.47, 0.4843], [60002.97, 0.4423], [60003.47, 0.4106]]}
{"ts": 1755546271.7375133, "bids": [[60000.48, 2.1527], [59999.98, 1.3584], [59999.48, 0.8321], [59998.98, 0.447], [59998.48, 0.2637]], "asks": [[60001.48, 1.5413], [60001.98, 1.1939], [60002.48, 0.3282], [60002.98, 0.6105], [60003.48, 0.1825]]}
{"ts": 1755546271.9875133, "bids": [[60000.59, 1.5896], [60000.09, 0.9474], [59999.59, 0.8582], [59999.09, 0.7403], [59998.59, 1.1235]], "asks": [[60001.59, 2.2055], [60002.09, 1.0709], [60002.59, 0.4628], [60003.09, 0.4972], [60003.59, 0.3087]]}
{"ts": 1755546272.2375133, "bids": [[60000.16, 1.8149], [59999.66, 1.1428], [59999.16, 0.8259], [59998.66, 0.1], [59998.16, 0.5093]], "asks": [[60001.16, 1.7832], [60001.66, 0.5706], [60002.16, 0.618], [60002.66, 0.1728], [60003.16, 0.4243]]}
{"ts": 1755546272.4875133, "bids": [[60000.44, 1.8032], [59999.94, 0.627], [59999.44, 0.3513], [59998.94, 0.1468], [59998.44, 0.1]], "asks": [[60001.44, 2.2195], [60001.94, 0.8323], [60002.44, 0.1], [60002.94, 0.8667], [60003.44, 0.235]]}
{"ts": 1755546272.7375133, "bids": [[60000.34, 1.8659], [59999.84, 1.3702], [59999.34, 0.3699], [59998.84, 0.2836], [59998.34, 0.3789]], "asks": [[60001.34, 1.8164], [60001.84, 1.32], [60002.34, 0.6684], [60002.84, 0.4117], [60003.34, 0.7255]]}
{"ts": 1755546272.9875133, "bids": [[60000.84, 1.8518], [60000.34, 0.8468], [59999.84, 0.8648], [59999.34, 0.7618], [59998.84, 0.7867]], "asks": [[60001.84, 2.6519], [60002.34, 1.0085], [60002.84, 0.4039], [60003.34, 0.3064], [60003.84, 0.638]]}
{"ts": 1755546273.2375133, "bids": [[60001.18, 1.8826], [60000.68, 1.3442], [60000.18, 1.1211], [59999.68, 0.3367], [59999.18, 0.1]], "asks": [[60002.18, 2.2511], [60002.68, 1.1488], [60003.18, 0.2971], [60003.68, 0.1], [60004.18, 0.1]]}
{"ts": 1755546273.4875133, "bids": [[60001.19, 2.1453], [60000.69, 1.3409], [60000.19, 1.0427], [59999.69, 0.1322], [59999.19, 0.1]], "asks": [[60002.19, 2.1388], [60002.69, 1.4062], [60003.19, 0.7293], [60003.69, 0.8971], [60004.19, 0.2684]]}
{"ts": 1755546273.7375133, "bids": [[60000.78, 1.5684], [60000.28, 0.9288], [59999.78, 0.7338], [59999.28, 1.219], [59998.78, 0.1946]], "asks": [[60001.78, 3.1045], [60002.28, 0.6406], [60002.78, 0.1121], [60003.28, 0.8593], [60003.78, 0.1442]]}
{"ts": 1755546273.9875133, "bids": [[60000.96, 1.6557], [60000.46, 1.081], [59999.96, 0.9905], [59999.46, 0.1], [59998.96, 0.5452]], "asks": [[60001.96, 2.51], [60002.46, 0.579], [60002.96, 1.3774], [60003.46, 0.7709], [60003.96, 0.4527]]}
{"ts": 1755546274.2375133, "bids": [[60000.61, 2.1353], [60000.11, 0.9301], [59999.61, 1.2601], [59999.11, 0.6292], [59998.61, 0.1491]], "asks": [[60001.61, 2.2276], [60002.11, 0.7325], [60002.61, 0.4356], [60003.11, 0.3123], [60003.61, 0.1152]]}
{"ts": 1755546274.4875133, "bids": [[60000.23, 1.8793], [59999.73, 0.8177], [59999.23, 0.8287], [59998.73, 0.2401], [59998.23, 0.1]], "asks": [[60001.23, 2.3502], [60001.73, 0.9971], [60002.23, 0.6044], [60002.73, 0.1], [60003.23, 0.1]]}
{"ts": 1755546274.7375133, "bids": [[60000.3, 2.0328], [59999.8, 1.4123], [59999.3, 0.281], [59998.8, 0.5331], [59998.3, 0.1738]], "asks": [[60001.3, 1.9359], [60001.8, 1.1211], [60002.3, 0.4647], [60002.8, 0.1903], [60003.3, 0.13]]}
{"ts": 1755546274.9875133, "bids": [[60000.42, 1.8146], [59999.92, 0.4609], [59999.42, 0.5665], [59998.92, 0.5946], [59998.42, 0.1]], "asks": [[60001.42, 2.7284], [60001.92, 1.058], [60002.42, 0.4353], [60002.92, 0.5467], [60003.42, 0.5279]]}
{"ts": 1755546275.2375133, "bids": [[60000.13, 1.7964], [59999.63, 0.9036], [59999.13, 1.1902], [59998.63, 0.6966], [59998.13, 0.1565]], "asks": [[60001.13, 1.8387], [60001.63, 0.5213], [60002.13, 0.1], [60002.63, 0.7114], [60003.13, 0.3006]]}
{"ts": 1755546275.4875133, "bids": [[60000.1, 1.9752], [59999.6, 1.2038], [59999.1, 0.3571], [59998.6, 0.5065], [59998.1, 0.5436]], "asks": [[60001.1, 2.2251], [60001.6, 1.142], [60002.1, 0.9426], [60002.6, 1.1007], [60003.1, 0.6253]]}
{"ts": 1755546275.7375133, "bids": [[60000.17, 1.8045], [59999.67, 0.6393], [59999.17, 0.409], [59998.67, 1.2154], [59998.17, 0.1]], "asks": [[60001.17, 2.4701], [60001.67, 1.0039], [60002.17, 0.6687], [60002.67, 0.6049], [60003.17, 0.3732]]}
{"ts": 1755546275.9875133, "bids": [[59999.89, 1.9418], [59999.39, 0.3797], [59998.89, 0.4752], [59998.39, 0.1], [59997.89, 0.1]], "asks": [[60000.89, 2.0771], [60001.39, 1.0199], [60001.89, 0.3877], [60002.39, 0.3671], [60002.89, 0.661]]}
{"ts": 1755546276.2375133, "bids": [[60000.12, 2.0249], [59999.62, 0.6837], [59999.12, 0.7964], [59998.62, 0.8181], [59998.12, 0.422]], "asks": [[60001.12, 1.7147], [60001.62, 1.228], [60002.12, 1.0247], [60002.62, 0.6584], [60003.12, 0.158]]}
{"ts": 1755546276.4875133, "bids": [[60000.6, 1.9361], [60000.1, 1.2965], [59999.6, 0.7427], [59999.1, 0.9666], [59998.6, 0.5126]], "asks": [[60001.6, 1.8633], [60002.1, 0.9532], [60002.6, 0.4044], [60003.1, 0.3117], [60003.6, 0.7397]]}
{"ts": 1755546276.7375133, "bids": [[60000.6, 2.1563], [60000.1, 0.8306], [59999.6, 0.2719], [59999.1, 0.2338], [59998.6, 0.2646]], "asks": [[60001.6, 2.0457], [60002.1, 1.2947], [60002.6, 0.776], [60003.1, 0.474], [60003.6, 0.2835]]}
{"ts": 1755546276.9875133, "bids": [[60001.1, 1.983], [60000.6, 0.7092], [60000.1, 0.2052], [59999.6, 0.3302], [59999.1, 0.1]], "asks": [[60002.1, 1.7476], [60002.6, 1.4822], [60003.1, 0.5716], [60003.6, 1.025], [60004.1, 0.7305]]}
{"ts": 1755546277.2375133, "bids": [[60001.58, 1.5368], [60001.08, 0.9293], [60000.58, 1.0023], [60000.08, 1.0132], [59999.58, 0.4645]], "asks": [[60002.58, 1.7312], [60003.08, 0.5476], [60003.58, 0.7234], [60004.08, 0.3923], [60004.58, 0.1]]}
{"ts": 1755546277.4875133, "bids": [[60001.8, 1.8412], [60001.3, 0.7126], [60000.8, 0.7586], [60000.3, 0.468], [59999.8, 0.5372]], "asks": [[60002.8, 1.9081], [60003.3, 0.6976], [60003.8, 0.5241], [60004.3, 0.4311], [60004.8, 0.3537]]}
{"ts": 1755546277.7375133, "bids": [[60001.32, 1.933], [60000.82, 0.8874], [60000.32, 0.7722], [59999.82, 0.8414], [59999.32, 0.5512]], "asks": [[60002.32, 2.1583], [60002.82, 0.7129], [60003.32, 0.1], [60003.82, 0.1492], [60004.32, 0.4624]]}
{"ts": 1755546277.9875133, "bids": [[60001.02, 1.7992], [60000.52, 0.743], [60000.02, 0.9737], [59999.52, 0.3462], [59999.02, 0.466]], "asks": [[60002.02, 2.3938], [60002.52, 0.9585], [60003.02, 1.2527], [60003.52, 0.7347], [60004.02, 0.1]]}
{"ts": 1755546278.2375133, "bids": [[60001.17, 1.8564], [60000.67, 1.0801], [60000.17, 0.4666], [59999.67, 0.7485], [59999.17, 0.3504]], "asks": [[60002.17, 1.6141], [60002.67, 1.211], [60003.17, 0.5902], [60003.67, 0.4573], [60004.17, 0.5984]]}
{"ts": 1755546278.4875133, "bids": [[60001.37, 1.8864], [60000.87, 1.4887], [60000.37, 0.6442], [59999.87, 0.3696], [59999.37, 0.9498]], "asks": [[60002.37, 2.2536], [60002.87, 0.7838], [60003.37, 0.818], [60003.87, 0.2374], [60004.37, 0.3311]]}
{"ts": 1755546278.7375133, "bids": [[60001.83, 2.0836], [60001.33, 0.8888], [60000.83, 0.4821], [60000.33, 0.4861], [59999.83, 0.5107]], "asks": [[60002.83, 1.766], [60003.33, 1.4616], [60003.83, 0.9333], [60004.33, 0.8423], [60004.83, 0.7563]]}
{"ts": 1755546278.9875133, "bids": [[60002.26, 1.9459], [60001.76, 0.7019], [60001.26, 0.6878], [60000.76, 0.1], [60000.26, 0.6931]], "asks": [[60003.26, 1.8462], [60003.76, 0.7349], [60004.26, 1.1128], [60004.76, 0.4171], [60005.26, 0.5003]]}
{"ts": 1755546279.2375133, "bids": [[60002.48, 2.4155], [60001.98, 1.3791], [60001.48, 0.9434], [60000.98, 1.0652], [60000.48, 0.2019]], "asks": [[60003.48, 2.3041], [60003.98, 1.0123], [60004.48, 0.5345], [60004.98, 0.2555], [60005.48, 0.4283]]}
{"ts": 1755546279.4875133, "bids": [[60002.94, 1.8131], [60002.44, 1.1088], [60001.94, 0.3349], [60001.44, 0.3815], [60000.94, 0.5591]], "asks": [[60003.94, 2.3898], [60004.44, 0.929], [60004.94, 0.4999], [60005.44, 0.1], [60005.94, 0.3035]]}
{"ts": 1755546279.7375133, "bids": [[60003.32, 2.3029], [60002.82, 1.3017], [60002.32, 0.1], [60001.82, 1.1654], [60001.32, 0.4293]], "asks": [[60004.32, 2.6017], [60004.82, 0.9946], [60005.32, 0.6871], [60005.82, 0.3386], [60006.32, 0.3714]]}
{"ts": 1755546279.9875133, "bids": [[60003.39, 2.669], [60002.89, 0.8057], [60002.39, 0.3294], [60001.89, 1.0424], [60001.39, 0.2076]], "asks": [[60004.39, 2.5346], [60004.89, 1.8807], [60005.39, 0.5726], [60005.89, 0.2796], [60006.39, 0.4392]]}
{"ts": 1755546280.2375133, "bids": [[60003.0, 2.1737], [60002.5, 0.9912], [60002.0, 0.6221], [60001.5, 0.1], [60001.0, 0.6666]], "asks": [[60004.0, 2.2835], [60004.5, 1.1924], [60005.0, 0.1379], [60005.5, 0.2914], [60006.0, 0.9272]]}
{"ts": 1755546280.4875133, "bids": [[60003.4, 2.1679], [60002.9, 1.3816], [60002.4, 0.7325], [60001.9, 0.3989], [60001.4, 0.3851]], "asks": [[60004.4, 1.6804], [60004.9, 1.2313], [60005.4, 0.8181], [60005.9, 0.7027], [60006.4, 0.6194]]}
{"ts": 1755546280.7375133, "bids": [[60003.65, 2.2438], [60003.15, 0.9923], [60002.65, 0.4045], [60002.15, 0.6392], [60001.65, 0.2931]], "asks": [[60004.65, 1.9276], [60005.15, 0.9552], [60005.65, 0.2876], [60006.15, 0.5573], [60006.65, 0.6866]]}
{"ts": 1755546280.9875133, "bids": [[60003.66, 2.3699], [60003.16, 0.9439], [60002.66, 0.8835], [60002.16, 0.3414], [60001.66, 0.5156]], "asks": [[60004.66, 1.7135], [60005.16, 1.1391], [60005.66, 0.5405], [60006.16, 0.3608], [60006.66, 0.5287]]}
{"ts": 1755546281.2375133, "bids": [[60003.9, 1.7551], [60003.4, 0.6776], [60002.9, 0.2358], [60002.4, 0.5446], [60001.9, 0.4182]], "asks": [[60004.9, 1.8082], [60005.4, 0.897], [60005.9, 0.5632], [60006.4, 0.7218], [60006.9, 0.1]]}
{"ts": 1755546281.4875133, "bids": [[60003.49, 1.558], [60002.99, 1.341], [60002.49, 1.0165], [60001.99, 0.109], [60001.49, 0.5575]], "asks": [[60004.49, 2.1537], [60004.99, 1.1822], [60005.49, 0.8096], [60005.99, 0.4865], [60006.49, 0.6163]]}
{"ts": 1755546281.7375133, "bids": [[60003.51, 2.1515], [60003.01, 0.8865], [60002.51, 0.1222], [60002.01, 0.1553], [60001.51, 0.3003]], "asks": [[60004.51, 2.1357], [60005.01, 0.9346], [60005.51, 0.6311], [60006.01, 0.6038], [60006.51, 0.4277]]}
{"ts": 1755546281.9875133, "bids": [[60003.47, 2.1683], [60002.97, 0.5615], [60002.47, 0.6563], [60001.97, 0.7647], [60001.47, 1.2854]], "asks": [[60004.47, 1.5495], [60004.97, 1.336], [60005.47, 0.2726], [60005.97, 0.5774], [60006.47, 0.775]]}
{"ts": 1755546282.2375133, "bids": [[60003.9, 2.6343], [60003.4, 1.3015], [60002.9, 0.7275], [60002.4, 0.9283], [60001.9, 0.1]], "asks": [[60004.9, 2.2937], [60005.4, 1.0609], [60005.9, 0.1591], [60006.4, 0.4413], [60006.9, 0.8525]]}
{"ts": 1755546282.4875133, "bids": [[60003.79, 2.4462], [60003.29, 0.6773], [60002.79, 0.4701], [60002.29, 0.342], [60001.79, 0.5618]], "asks": [[60004.79, 1.5225], [60005.29, 1.3201], [60005.79, 0.3491], [60006.29, 0.2721], [60006.79, 0.7355]]}
{"ts": 1755546282.7375133, "bids": [[60003.81, 1.9705], [60003.31, 1.0643], [60002.81, 0.5324], [60002.31, 0.1447], [60001.81, 0.5006]], "asks": [[60004.81, 1.7891], [60005.31, 1.0014], [60005.81, 1.095], [60006.31, 0.3981], [60006.81, 0.1974]]}
{"ts": 1755546282.9875133, "bids": [[60003.66, 1.8867], [60003.16, 0.9771], [60002.66, 0.7808], [60002.16, 0.5627], [60001.66, 0.6028]], "asks": [[60004.66, 2.6971], [60005.16, 0.855], [60005.66, 0.3755], [60006.16, 0.1], [60006.66, 0.42]]}
{"ts": 1755546283.2375133, "bids": [[60003.26, 2.3959], [60002.76, 0.9726], [60002.26, 0.6486], [60001.76, 0.5206], [60001.26, 0.467]], "asks": [[60004.26, 2.0848], [60004.76, 0.9093], [60005.26, 0.3629], [60005.76, 0.709], [60006.26, 0.3228]]}
{"ts": 1755546283.4875133, "bids": [[60003.27, 1.8652], [60002.77, 0.9695], [60002.27, 0.3006], [60001.77, 0.3908], [60001.27, 0.674]], "asks": [[60004.27, 2.5351], [60004.77, 0.7388], [60005.27, 0.4079], [60005.77, 0.7296], [60006.27, 0.7453]]}
{"ts": 1755546283.7375133, "bids": [[60002.99, 1.9668], [60002.49, 1.5854], [60001.99, 1.0241], [60001.49, 0.1851], [60000.99, 1.1042]], "asks": [[60003.99, 2.1011], [60004.49, 0.8038], [60004.99, 0.4448], [60005.49, 0.655], [60005.99, 0.2761]]}
{"ts": 1755546283.9875133, "bids": [[60003.16, 2.0586], [60002.66, 0.8525], [60002.16, 0.3079], [60001.66, 0.1], [60001.16, 0.2526]], "asks": [[60004.16, 1.7438], [60004.66, 1.0856], [60005.16, 1.0189], [60005.66, 0.5967], [60006.16, 0.8467]]}
{"ts": 1755546284.2375133, "bids": [[60003.46, 2.3317], [60002.96, 1.3752], [60002.46, 0.8156], [60001.96, 0.6251], [60001.46, 0.9134]], "asks": [[60004.46, 1.8031], [60004.96, 0.923], [60005.46, 0.8337], [60005.96, 0.9143], [60006.46, 0.127]]}
{"ts": 1755546284.4875133, "bids": [[60003.06, 1.969], [60002.56, 0.948], [60002.06, 0.1797], [60001.56, 0.6925], [60001.06, 0.3383]], "asks": [[60004.06, 1.8075], [60004.56, 1.446], [60005.06, 0.299], [60005.56, 0.9702], [60006.06, 0.1]]}
{"ts": 1755546284.7375133, "bids": [[60003.04, 2.1842], [60002.54, 1.0508], [60002.04, 1.3751], [60001.54, 1.3749], [60001.04, 0.1783]], "asks": [[60004.04, 1.8026], [60004.54, 0.9859], [60005.04, 0.3715], [60005.54, 1.2942], [60006.04, 0.4295]]}
{"ts": 1755546284.9875133, "bids": [[60003.14, 2.1879], [60002.64, 0.509], [60002.14, 0.3955], [60001.64, 0.3519], [60001.14, 0.1]], "asks": [[60004.14, 2.6393], [60004.64, 0.8333], [60005.14, 0.9192], [60005.64, 0.6807], [60006.14, 0.3717]]}
{"ts": 1755546285.2375133, "bids": [[60002.74, 2.3355], [60002.24, 1.3554], [60001.74, 0.4534], [60001.24, 0.304], [60000.74, 0.5419]], "asks": [[60003.74, 1.9604], [60004.24, 0.4379], [60004.74, 0.8918], [60005.24, 0.4188], [60005.74, 0.5851]]}
{"ts": 1755546285.4875133, "bids": [[60003.17, 1.7258], [60002.67, 1.1545], [60002.17, 0.2531], [60001.67, 0.1], [60001.17, 0.3079]], "asks": [[60004.17, 1.8512], [60004.67, 1.2195], [60005.17, 1.0559], [60005.67, 0.5019], [60006.17, 0.1877]]}
{"ts": 1755546285.7375133, "bids": [[60003.49, 2.4203], [60002.99, 0.8182], [60002.49, 0.7176], [60001.99, 0.4356], [60001.49, 0.725]], "asks": [[60004.49, 1.9102], [60004.99, 1.0108], [60005.49, 0.4912], [60005.99, 0.1587], [60006.49, 0.213]]}
{"ts": 1755546285.9875133, "bids": [[60003.64, 2.0734], [60003.14, 1.4127], [60002.64, 0.4159], [60002.14, 0.1], [60001.64, 0.4547]], "asks": [[60004.64, 2.0284], [60005.14, 0.4064], [60005.64, 0.2225], [60006.14, 0.8017], [60006.64, 0.867]]}
{"ts": 1755546286.2375133, "bids": [[60003.15, 1.7102], [60002.65, 0.6717], [60002.15, 0.4103], [60001.65, 0.4655], [60001.15, 0.3561]], "asks": [[60004.15, 1.9896], [60004.65, 0.7], [60005.15, 0.4363], [60005.65, 0.5026], [60006.15, 0.3852]]}
{"ts": 1755546286.4875133, "bids": [[60003.18, 1.8721], [60002.68, 1.5463], [60002.18, 0.417], [60001.68, 0.6204], [60001.18, 0.5401]], "asks": [[60004.18, 2.8164], [60004.68, 1.0591], [60005.18, 0.184], [60005.68, 0.4233], [60006.18, 0.4969]]}
{"ts": 1755546286.7375133, "bids": [[60002.87, 1.4563], [60002.37, 0.9672], [60001.87, 0.4528], [60001.37, 0.1], [60000.87, 0.4688]], "asks": [[60003.87, 1.9088], [60004.37, 1.2999], [60004.87, 0.8858], [60005.37, 0.1375], [60005.87, 0.8502]]}
{"ts": 1755546286.9875133, "bids": [[60003.22, 1.6628], [60002.72, 1.008], [60002.22, 0.3905], [60001.72, 0.5388], [60001.22, 0.5674]], "asks": [[60004.22, 1.5122], [60004.72, 0.8673], [60005.22, 0.9284], [60005.72, 0.5143], [60006.22, 0.7109]]}
{"ts": 1755546287.2375133, "bids": [[60003.15, 2.0831], [60002.65, 1.0843], [60002.15, 0.5796], [60001.65, 0.645], [60001.15, 0.6592]], "asks": [[60004.15, 1.6215], [60004.65, 0.8954], [60005.15, 0.6511], [60005.65, 1.0862], [60006.15, 0.1787]]}
{"ts": 1755546287.4875133, "bids": [[60002.7, 2.6106], [60002.2, 1.3115], [60001.7, 1.3416], [60001.2, 0.1982], [60000.7, 0.1]], "asks": [[60003.7, 2.308], [60004.2, 0.7716], [60004.7, 0.8082], [60005.2, 1.2036], [60005.7, 0.1394]]}
{"ts": 1755546287.7375133, "bids": [[60002.91, 1.9036], [60002.41, 1.1163], [60001.91, 0.8177], [60001.41, 0.7144], [60000.91, 0.4058]], "asks": [[60003.91, 2.0716], [60004.41, 1.1897], [60004.91, 0.4099], [60005.41, 0.337], [60005.91, 0.2354]]}
{"ts": 1755546287.9875133, "bids": [[60003.4, 1.9428], [60002.9, 1.0984], [60002.4, 0.1378], [60001.9, 0.2232], [60001.4, 0.6895]], "asks": [[60004.4, 1.651], [60004.9, 0.984], [60005.4, 0.8873], [60005.9, 0.9326], [60006.4, 0.3156]]}
{"ts": 1755546288.2375133, "bids": [[60003.67, 2.2356], [60003.17, 1.3481], [60002.67, 0.2261], [60002.17, 0.1], [60001.67, 0.3324]], "asks": [[60004.67, 2.0444], [60005.17, 0.9838], [60005.67, 1.2286], [60006.17, 0.688], [60006.67, 0.2925]]}
{"ts": 1755546288.4875133, "bids": [[60003.79, 2.141], [60003.29, 1.1511], [60002.79, 0.5652], [60002.29, 0.483], [60001.79, 0.424]], "asks": [[60004.79, 1.5474], [60005.29, 1.0856], [60005.79, 0.2536], [60006.29, 0.2387], [60006.79, 0.419]]}
{"ts": 1755546288.7375133, "bids": [[60003.6, 1.8485], [60003.1, 1.1301], [60002.6, 0.3046], [60002.1, 0.442], [60001.6, 0.3194]], "asks": [[60004.6, 2.1834], [60005.1, 1.143], [60005.6, 0.7872], [60006.1, 0.5378], [60006.6, 0.5053]]}
{"ts": 1755546288.9875133, "bids": [[60003.7, 1.8666], [60003.2, 0.9228], [60002.7, 1.2228], [60002.2, 1.1869], [60001.7, 0.2355]], "asks": [[60004.7, 2.2642], [60005.2, 1.287], [60005.7, 0.9941], [60006.2, 0.1], [60006.7, 0.3201]]}
{"ts": 1755546289.2375133, "bids": [[60003.58, 2.1633], [60003.08, 0.8916], [60002.58, 0.379], [60002.08, 0.3806], [60001.58, 0.3976]], "asks": [[60004.58, 2.1945], [60005.08, 1.0047], [60005.58, 0.7918], [60006.08, 0.5119], [60006.58, 0.6257]]}
{"ts": 1755546289.4875133, "bids": [[60003.7, 1.8355], [60003.2, 1.2001], [60002.7, 0.9224], [60002.2, 0.1056], [60001.7, 0.2702]], "asks": [[60004.7, 1.89], [60005.2, 1.1592], [60005.7, 0.5815], [60006.2, 0.1287], [60006.7, 0.6377]]}
{"ts": 1755546289.7375133, "bids": [[60004.02, 2.5153], [60003.52, 1.1731], [60003.02, 0.8566], [60002.52, 0.1957], [60002.02, 0.6442]], "asks": [[60005.02, 1.3731], [60005.52, 1.1991], [60006.02, 0.6013], [60006.52, 1.2132], [60007.02, 0.3514]]}
{"ts": 1755546289.9875133, "bids": [[60004.21, 1.6077], [60003.71, 1.0139], [60003.21, 0.7883], [60002.71, 0.7917], [60002.21, 0.1]], "asks": [[60005.21, 2.0222], [60005.71, 1.2911], [60006.21, 0.3927], [60006.71, 0.7535], [60007.21, 0.1937]]}
{"ts": 1755546290.2375133, "bids": [[60004.39, 1.2946], [60003.89, 0.5427], [60003.39, 0.4361], [60002.89, 0.305], [60002.39, 0.4871]], "asks": [[60005.39, 1.7703], [60005.89, 1.1125], [60006.39, 0.7606], [60006.89, 0.1], [60007.39, 0.1048]]}
{"ts": 1755546290.4875133, "bids": [[60004.39, 1.8506], [60003.89, 0.7419], [60003.39, 0.6953], [60002.89, 0.8421], [60002.39, 0.1104]], "asks": [[60005.39, 1.834], [60005.89, 0.6007], [60006.39, 0.5526], [60006.89, 0.48], [60007.39, 0.6081]]}
{"ts": 1755546290.7375133, "bids": [[60004.81, 1.8654], [60004.31, 1.0717], [60003.81, 0.9615], [60003.31, 0.4183], [60002.81, 0.4522]], "asks": [[60005.81, 1.6491], [60006.31, 0.726], [60006.81, 0.4394], [60007.31, 0.4035], [60007.81, 0.1]]}
{"ts": 1755546290.9875133, "bids": [[60004.67, 1.9456], [60004.17, 1.4489], [60003.67, 0.2617], [60003.17, 0.811], [60002.67, 0.6316]], "asks": [[60005.67, 1.928], [60006.17, 0.9536], [60006.67, 0.9624], [60007.17, 0.432], [60007.67, 0.4154]]}
{"ts": 1755546291.2375133, "bids": [[60004.68, 1.6073], [60004.18, 0.7098], [60003.68, 0.2667], [60003.18, 0.1999], [60002.68, 0.3624]], "asks": [[60005.68, 1.9534], [60006.18, 0.8516], [60006.68, 0.9928], [60007.18, 0.3133], [60007.68, 0.4553]]}
{"ts": 1755546291.4875133, "bids": [[60004.28, 1.338], [60003.78, 1.5317], [60003.28, 0.8299], [60002.78, 0.3037], [60002.28, 0.1]], "asks": [[60005.28, 2.3861], [60005.78, 1.4751], [60006.28, 0.8683], [60006.78, 0.5566], [60007.28, 0.4365]]}
{"ts": 1755546291.7375133, "bids": [[60004.22, 1.9137], [60003.72, 0.8301], [60003.22, 1.1042], [60002.72, 0.2302], [60002.22, 0.8419]], "asks": [[60005.22, 1.7516], [60005.72, 1.5199], [60006.22, 1.0528], [60006.72, 0.1385], [60007.22, 1.1403]]}
{"ts": 1755546291.9875133, "bids": [[60003.97, 2.081], [60003.47, 0.2962], [60002.97, 0.7014], [60002.47, 0.6718], [60001.97, 0.3335]], "asks": [[60004.97, 2.1576], [60005.47, 0.7221], [60005.97, 0.9704], [60006.47, 0.8932], [60006.97, 0.4302]]}
{"ts": 1755546292.2375133, "bids": [[60004.08, 2.1306], [60003.58, 0.6411], [60003.08, 0.8041], [60002.58, 0.5389], [60002.08, 0.8881]], "asks": [[60005.08, 2.38], [60005.58, 1.3013], [60006.08, 1.1487], [60006.58, 0.3994], [60007.08, 0.7629]]}
{"ts": 1755546292.4875133, "bids": [[60003.77, 1.8475], [60003.27, 0.9536], [60002.77, 0.2448], [60002.27, 0.1618], [60001.77, 0.163]], "asks": [[60004.77, 2.2947], [60005.27, 1.596], [60005.77, 0.5925], [60006.27, 0.264], [60006.77, 0.2558]]}
{"ts": 1755546292.7375133, "bids": [[60004.11, 1.5929], [60003.61, 0.9312], [60003.11, 0.5717], [60002.61, 0.6001], [60002.11, 0.335]], "asks": [[60005.11, 1.6302], [60005.61, 0.7575], [60006.11, 0.5835], [60006.61, 0.612], [60007.11, 0.5793]]}
{"ts": 1755546292.9875133, "bids": [[60004.31, 1.6885], [60003.81, 1.1912], [60003.31, 0.8341], [60002.81, 0.3497], [60002.31, 0.7817]], "asks": [[60005.31, 1.9788], [60005.81, 1.2249], [60006.31, 1.0586], [60006.81, 0.1], [60007.31, 0.3998]]}
{"ts": 1755546293.2375133, "bids": [[60004.29, 2.1658], [60003.79, 0.9051], [60003.29, 0.6403], [60002.79, 0.8606], [60002.29, 0.7468]], "asks": [[60005.29, 2.2012], [60005.79, 1.0302], [60006.29, 0.6989], [60006.79, 0.917], [60007.29, 0.3198]]}
{"ts": 1755546293.4875133, "bids": [[60004.29, 1.876], [60003.79, 1.186], [60003.29, 0.7319], [60002.79, 0.5173], [60002.29, 0.3421]], "asks": [[60005.29, 1.7148], [60005.79, 0.7065], [60006.29, 0.704], [60006.79, 0.2512], [60007.29, 0.7681]]}
{"ts": 1755546293.7375133, "bids": [[60003.96, 1.5235], [60003.46, 1.0378], [60002.96, 0.7786], [60002.46, 0.5878], [60001.96, 0.1]], "asks": [[60004.96, 2.1309], [60005.46, 0.6229], [60005.96, 0.7631], [60006.46, 0.1], [60006.96, 0.8142]]}
{"ts": 1755546293.9875133, "bids": [[60003.5, 1.9269], [60003.0, 1.1392], [60002.5, 0.908], [60002.0, 0.1619], [60001.5, 0.136]], "asks": [[60004.5, 1.6299], [60005.0, 0.991], [60005.5, 0.2282], [60006.0, 1.5939], [60006.5, 0.4863]]}
{"ts": 1755546294.2375133, "bids": [[60003.82, 1.1105], [60003.32, 1.0354], [60002.82, 0.8154], [60002.32, 0.2207], [60001.82, 0.2786]], "asks": [[60004.82, 2.3582], [60005.32, 0.7822], [60005.82, 0.2959], [60006.32, 0.8812], [60006.82, 0.2661]]}
{"ts": 1755546294.4875133, "bids": [[60003.46, 2.055], [60002.96, 1.2597], [60002.46, 0.5942], [60001.96, 0.291], [60001.46, 0.3421]], "asks": [[60004.46, 2.1967], [60004.96, 1.1016], [60005.46, 1.0328], [60005.96, 0.9189], [60006.46, 0.6294]]}
{"ts": 1755546294.7375133, "bids": [[60003.81, 2.4506], [60003.31, 1.6359], [60002.81, 0.8162], [60002.31, 1.102], [60001.81, 0.8203]], "asks": [[60004.81, 1.9588], [60005.31, 1.4335], [60005.81, 0.1], [60006.31, 0.4716], [60006.81, 0.8304]]}
{"ts": 1755546294.9875133, "bids": [[60003.56, 1.8647], [60003.06, 1.0325], [60002.56, 0.2738], [60002.06, 0.4636], [60001.56, 0.1]], "asks": [[60004.56, 1.4532], [60005.06, 0.5506], [60005.56, 0.6927], [60006.06, 0.8081], [60006.56, 0.5263]]}
{"ts": 1755546295.2375133, "bids": [[60003.94, 2.3012], [60003.44, 0.8758], [60002.94, 0.1667], [60002.44, 0.4901], [60001.94, 0.4736]], "asks": [[60004.94, 2.1994], [60005.44, 1.693], [60005.94, 1.2053], [60006.44, 0.5187], [60006.94, 0.1]]}
{"ts": 1755546295.4875133, "bids": [[60004.17, 1.5719], [60003.67, 0.9318], [60003.17, 0.4613], [60002.67, 0.3129], [60002.17, 0.3346]], "asks": [[60005.17, 2.1144], [60005.67, 1.0844], [60006.17, 0.6215], [60006.67, 0.5886], [60007.17, 0.9594]]}
{"ts": 1755546295.7375133, "bids": [[60004.01, 1.6579], [60003.51, 0.7258], [60003.01, 0.6278], [60002.51, 0.9257], [60002.01, 0.2504]], "asks": [[60005.01, 1.8177], [60005.51, 1.0253], [60006.01, 0.5805], [60006.51, 0.8075], [60007.01, 0.4388]]}
{"ts": 1755546295.9875133, "bids": [[60004.37, 1.9897], [60003.87, 1.1947], [60003.37, 0.6066], [60002.87, 0.3962], [60002.37, 0.619]], "asks": [[60005.37, 2.004], [60005.87, 0.9474], [60006.37, 0.5188], [60006.87, 0.3572], [60007.37, 0.3015]]}
{"ts": 1755546296.2375133, "bids": [[60004.52, 1.9993], [60004.02, 1.1485], [60003.52, 0.4629], [60003.02, 0.4316], [60002.52, 0.1382]], "asks": [[60005.52, 2.2893], [60006.02, 0.8974], [60006.52, 0.822], [60007.02, 0.2918], [60007.52, 0.1]]}
{"ts": 1755546296.4875133, "bids": [[60004.03, 1.8416], [60003.53, 1.0675], [60003.03, 1.1286], [60002.53, 0.8657], [60002.03, 0.2589]], "asks": [[60005.03, 2.0232], [60005.53, 1.4478], [60006.03, 0.6937], [60006.53, 0.1], [60007.03, 0.4749]]}
{"ts": 1755546296.7375133, "bids": [[60003.6, 1.6394], [60003.1, 1.2081], [60002.6, 0.7861], [60002.1, 0.5737], [60001.6, 1.0326]], "asks": [[60004.6, 2.3258], [60005.1, 1.1561], [60005.6, 0.5559], [60006.1, 0.1], [60006.6, 1.101]]}
{"ts": 1755546296.9875133, "bids": [[60003.24, 1.9616], [60002.74, 0.8101], [60002.24, 0.5939], [60001.74, 0.6795], [60001.24, 0.1691]], "asks": [[60004.24, 1.9925], [60004.74, 0.7386], [60005.24, 0.251], [60005.74, 0.7516], [60006.24, 0.1]]}
{"ts": 1755546297.2375133, "bids": [[60002.83, 2.4047], [60002.33, 0.7502], [60001.83, 0.9205], [60001.33, 0.6542], [60000.83, 0.7288]], "asks": [[60003.83, 2.2958], [60004.33, 0.8424], [60004.83, 0.607], [60005.33, 0.686], [60005.83, 0.5924]]}
{"ts": 1755546297.4875133, "bids": [[60002.93, 1.5934], [60002.43, 0.7873], [60001.93, 0.5283], [60001.43, 0.1441], [60000.93, 0.3966]], "asks": [[60003.93, 1.6739], [60004.43, 0.458], [60004.93, 0.4534], [60005.43, 0.4601], [60005.93, 0.1489]]}
{"ts": 1755546297.7375133, "bids": [[60002.48, 2.5979], [60001.98, 0.8533], [60001.48, 0.2639], [60000.98, 0.1], [60000.48, 1.0969]], "asks": [[60003.48, 1.5535], [60003.98, 1.0047], [60004.48, 0.6677], [60004.98, 0.3537], [60005.48, 0.3424]]}
{"ts": 1755546297.9875133, "bids": [[60002.11, 2.2494], [60001.61, 0.6984], [60001.11, 0.7262], [60000.61, 0.507], [60000.11, 0.6132]], "asks": [[60003.11, 1.7016], [60003.61, 1.3403], [60004.11, 0.1], [60004.61, 0.4454], [60005.11, 0.4963]]}
{"ts": 1755546298.2375133, "bids": [[60001.65, 2.4917], [60001.15, 0.5781], [60000.65, 0.3558], [60000.15, 0.4629], [59999.65, 0.1]], "asks": [[60002.65, 2.1964], [60003.15, 0.9825], [60003.65, 0.6646], [60004.15, 0.3812], [60004.65, 0.3055]]}
{"ts": 1755546298.4875133, "bids": [[60001.43, 1.868], [60000.93, 1.158], [60000.43, 0.3758], [59999.93, 0.1218], [59999.43, 0.3534]], "asks": [[60002.43, 2.3339], [60002.93, 1.5217], [60003.43, 0.599], [60003.93, 0.1], [60004.43, 0.2993]]}
{"ts": 1755546298.7375133, "bids": [[60001.63, 1.9271], [60001.13, 1.1191], [60000.63, 0.3645], [60000.13, 0.2999], [59999.63, 0.3743]], "asks": [[60002.63, 1.4238], [60003.13, 1.0453], [60003.63, 0.7986], [60004.13, 0.337], [60004.63, 0.1]]}
{"ts": 1755546298.9875133, "bids": [[60001.25, 1.878], [60000.75, 1.3823], [60000.25, 0.1477], [59999.75, 0.4669], [59999.25, 0.7653]], "asks": [[60002.25, 1.5497], [60002.75, 1.6358], [60003.25, 0.5911], [60003.75, 0.3217], [60004.25, 0.7742]]}
{"ts": 1755546299.2375133, "bids": [[60001.02, 2.3896], [60000.52, 1.535], [60000.02, 0.6517], [59999.52, 0.4078], [59999.02, 0.6926]], "asks": [[60002.02, 1.6626], [60002.52, 1.0998], [60003.02, 0.7746], [60003.52, 0.1176], [60004.02, 0.5539]]}
{"ts": 1755546299.4875133, "bids": [[60000.88, 1.6119], [60000.38, 0.8448], [59999.88, 0.9794], [59999.38, 0.4632], [59998.88, 0.3101]], "asks": [[60001.88, 2.001], [60002.38, 1.1701], [60002.88, 0.9027], [60003.38, 0.2871], [60003.88, 0.395]]}
{"ts": 1755546299.7375133, "bids": [[60001.24, 2.0116], [60000.74, 0.8731], [60000.24, 1.2043], [59999.74, 0.1], [59999.24, 0.3817]], "asks": [[60002.24, 2.3387], [60002.74, 1.1148], [60003.24, 0.4184], [60003.74, 0.2833], [60004.24, 0.1]]}
{"ts": 1755546299.9875133, "bids": [[60001.06, 1.5859], [60000.56, 0.9839], [60000.06, 0.4196], [59999.56, 0.6539], [59999.06, 0.6836]], "asks": [[60002.06, 2.2405], [60002.56, 1.1197], [60003.06, 0.9206], [60003.56, 0.391], [60004.06, 0.1]]}
{"ts": 1755546300.2375133, "bids": [[60001.52, 2.3046], [60001.02, 0.8832], [60000.52, 0.4889], [60000.02, 0.7005], [59999.52, 0.1649]], "asks": [[60002.52, 2.1408], [60003.02, 1.5672], [60003.52, 1.0034], [60004.02, 0.51], [60004.52, 0.3003]]}
{"ts": 1755546300.4875133, "bids": [[60001.64, 1.6087], [60001.14, 0.4841], [60000.64, 0.8833], [60000.14, 0.5148], [59999.64, 0.7079]], "asks": [[60002.64, 2.0902], [60003.14, 1.0215], [60003.64, 1.2736], [60004.14, 0.2755], [60004.64, 0.4123]]}
{"ts": 1755546300.7375133, "bids": [[60001.37, 1.6732], [60000.87, 1.5281], [60000.37, 1.1057], [59999.87, 0.7818], [59999.37, 0.6927]], "asks": [[60002.37, 2.4718], [60002.87, 0.4863], [60003.37, 0.6707], [60003.87, 0.107], [60004.37, 0.624]]}
{"ts": 1755546300.9875133, "bids": [[60001.11, 1.8947], [60000.61, 1.473], [60000.11, 1.2308], [59999.61, 0.7903], [59999.11, 0.312]], "asks": [[60002.11, 2.0053], [60002.61, 0.991], [60003.11, 1.0399], [60003.61, 0.2814], [60004.11, 0.1241]]}
{"ts": 1755546301.2375133, "bids": [[60001.58, 2.1158], [60001.08, 1.3713], [60000.58, 1.0131], [60000.08, 0.1], [59999.58, 0.4194]], "asks": [[60002.58, 2.0684], [60003.08, 1.4133], [60003.58, 0.8427], [60004.08, 0.8076], [60004.58, 0.6325]]}
{"ts": 1755546301.4875133, "bids": [[60001.4, 2.1463], [60000.9, 0.9759], [60000.4, 0.6504], [59999.9, 0.6528], [59999.4, 0.2498]], "asks": [[60002.4, 1.5576], [60002.9, 0.7386], [60003.4, 0.7837], [60003.9, 0.9991], [60004.4, 0.3115]]}
{"ts": 1755546301.7375133, "bids": [[60001.06, 1.7005], [60000.56, 0.2441], [60000.06, 0.7344], [59999.56, 0.4857], [59999.06, 0.6504]], "asks": [[60002.06, 2.0649], [60002.56, 0.8264], [60003.06, 0.9152], [60003.56, 0.651], [60004.06, 0.7819]]}
{"ts": 1755546301.9875133, "bids": [[60001.39, 1.9718], [60000.89, 1.1374], [60000.39, 0.8571], [59999.89, 0.278], [59999.39, 0.2971]], "asks": [[60002.39, 1.9187], [60002.89, 0.7706], [60003.39, 0.7895], [60003.89, 0.7835], [60004.39, 0.1911]]}
{"ts": 1755546302.2375133, "bids": [[60001.88, 2.2996], [60001.38, 0.5241], [60000.88, 0.667], [60000.38, 0.5547], [59999.88, 0.9635]], "asks": [[60002.88, 2.0593], [60003.38, 1.1474], [60003.88, 1.0007], [60004.38, 0.3447], [60004.88, 0.4424]]}
{"ts": 1755546302.4875133, "bids": [[60002.36, 2.3808], [60001.86, 0.706], [60001.36, 0.4231], [60000.86, 0.4696], [60000.36, 0.5085]], "asks": [[60003.36, 2.4091], [60003.86, 1.3044], [60004.36, 0.3539], [60004.86, 1.0483], [60005.36, 0.415]]}
{"ts": 1755546302.7375133, "bids": [[60002.77, 1.8523], [60002.27, 1.4668], [60001.77, 0.6232], [60001.27, 0.3235], [60000.77, 0.1]], "asks": [[60003.77, 2.0548], [60004.27, 0.6831], [60004.77, 0.7439], [60005.27, 0.5441], [60005.77, 0.1506]]}
{"ts": 1755546302.9875133, "bids": [[60002.66, 2.4471], [60002.16, 1.0972], [60001.66, 0.7602], [60001.16, 0.5592], [60000.66, 0.2349]], "asks": [[60003.66, 2.0838], [60004.16, 1.1845], [60004.66, 0.8911], [60005.16, 0.4467], [60005.66, 0.2466]]}
{"ts": 1755546303.2375133, "bids": [[60002.46, 1.6771], [60001.96, 1.2254], [60001.46, 0.7969], [60000.96, 0.7744], [60000.46, 0.1]], "asks": [[60003.46, 2.1993], [60003.96, 1.0909], [60004.46, 0.8186], [60004.96, 0.257], [60005.46, 0.1]]}
{"ts": 1755546303.4875133, "bids": [[60002.75, 2.5224], [60002.25, 0.7618], [60001.75, 0.1], [60001.25, 0.2026], [60000.75, 0.5122]], "asks": [[60003.75, 1.9652], [60004.25, 1.2912], [60004.75, 0.7303], [60005.25, 0.4955], [60005.75, 0.6378]]}
{"ts": 1755546303.7375133, "bids": [[60002.47, 2.4131], [60001.97, 1.8646], [60001.47, 0.1635], [60000.97, 1.3104], [60000.47, 0.7548]], "asks": [[60003.47, 1.6827], [60003.97, 1.3335], [60004.47, 0.5725], [60004.97, 0.498], [60005.47, 0.6582]]}
{"ts": 1755546303.9875133, "bids": [[60002.24, 2.2709], [60001.74, 1.9447], [60001.24, 0.7776], [60000.74, 0.5824], [60000.24, 0.7081]], "asks": [[60003.24, 1.3875], [60003.74, 1.3462], [60004.24, 1.2368], [60004.74, 0.2315], [60005.24, 0.1]]}
{"ts": 1755546304.2375133, "bids": [[60001.91, 1.5458], [60001.41, 0.7853], [60000.91, 1.1253], [60000.41, 0.8656], [59999.91, 0.2213]], "asks": [[60002.91, 1.7016], [60003.41, 0.3711], [60003.91, 0.7488], [60004.41, 0.375], [60004.91, 0.3252]]}
{"ts": 1755546304.4875133, "bids": [[60002.4, 2.257], [60001.9, 0.8737], [60001.4, 0.8508], [60000.9, 0.5714], [60000.4, 1.0708]], "asks": [[60003.4, 1.7635], [60003.9, 1.3247], [60004.4, 0.7839], [60004.9, 0.8598], [60005.4, 0.4029]]}
{"ts": 1755546304.7375133, "bids": [[60002.1, 2.3252], [60001.6, 1.5049], [60001.1, 0.6385], [60000.6, 0.1], [60000.1, 0.4886]], "asks": [[60003.1, 2.3485], [60003.6, 0.7174], [60004.1, 0.7232], [60004.6, 0.1533], [60005.1, 0.1]]}
{"ts": 1755546304.9875133, "bids": [[60002.46, 2.2813], [60001.96, 1.2812], [60001.46, 0.8714], [60000.96, 0.6149], [60000.46, 0.9041]], "asks": [[60003.46, 1.9288], [60003.96, 0.8926], [60004.46, 0.8175], [60004.96, 0.6328], [60005.46, 0.2316]]}
{"ts": 1755546305.2375133, "bids": [[60002.92, 1.8901], [60002.42, 1.4525], [60001.92, 1.1424], [60001.42, 0.567], [60000.92, 0.5161]], "asks": [[60003.92, 1.8504], [60004.42, 0.91], [60004.92, 0.4386], [60005.42, 0.8944], [60005.92, 0.6291]]}
{"ts": 1755546305.4875133, "bids": [[60003.11, 2.3376], [60002.61, 1.6936], [60002.11, 0.1], [60001.61, 0.5751], [60001.11, 0.1]], "asks": [[60004.11, 2.3477], [60004.61, 0.7688], [60005.11, 1.2737], [60005.61, 0.4833], [60006.11, 0.1]]}
{"ts": 1755546305.7375133, "bids": [[60003.58, 2.0704], [60003.08, 1.1523], [60002.58, 0.6602], [60002.08, 0.6808], [60001.58, 0.4972]], "asks": [[60004.58, 2.3809], [60005.08, 0.936], [60005.58, 0.4456], [60006.08, 0.4799], [60006.58, 0.3147]]}
{"ts": 1755546305.9875133, "bids": [[60003.79, 1.5982], [60003.29, 0.7776], [60002.79, 0.667], [60002.29, 0.494], [60001.79, 0.6963]], "asks": [[60004.79, 1.5199], [60005.29, 1.0775], [60005.79, 0.7791], [60006.29, 0.6433], [60006.79, 0.4024]]}
{"ts": 1755546306.2375133, "bids": [[60004.02, 2.6117], [60003.52, 0.7076], [60003.02, 0.5337], [60002.52, 0.1], [60002.02, 0.1334]], "asks": [[60005.02, 1.8797], [60005.52, 1.0127], [60006.02, 0.6271], [60006.52, 0.577], [60007.02, 0.1]]}
{"ts": 1755546306.4875133, "bids": [[60003.68, 2.519], [60003.18, 0.9268], [60002.68, 0.7791], [60002.18, 0.6401], [60001.68, 0.3574]], "asks": [[60004.68, 2.2591], [60005.18, 1.2524], [60005.68, 0.6314], [60006.18, 0.7552], [60006.68, 0.1]]}
{"ts": 1755546306.7375133, "bids": [[60004.08, 2.3358], [60003.58, 0.7397], [60003.08, 1.37], [60002.58, 0.8207], [60002.08, 0.4764]], "asks": [[60005.08, 2.2224], [60005.58, 0.7744], [60006.08, 0.8054], [60006.58, 1.0423], [60007.08, 0.5157]]}
{"ts": 1755546306.9875133, "bids": [[60003.79, 2.1708], [60003.29, 0.9151], [60002.79, 0.6433], [60002.29, 0.5075], [60001.79, 0.1]], "asks": [[60004.79, 2.4311], [60005.29, 0.522], [60005.79, 0.9095], [60006.29, 0.5954], [60006.79, 0.1498]]}
{"ts": 1755546307.2375133, "bids": [[60003.44, 1.7967], [60002.94, 0.8779], [60002.44, 0.5048], [60001.94, 0.6812], [60001.44, 0.3678]], "asks": [[60004.44, 2.2431], [60004.94, 1.4247], [60005.44, 0.5488], [60005.94, 0.5296], [60006.44, 0.5198]]}
{"ts": 1755546307.4875133, "bids": [[60003.78, 1.8917], [60003.28, 0.5597], [60002.78, 0.9827], [60002.28, 0.7485], [60001.78, 0.1778]], "asks": [[60004.78, 2.2819], [60005.28, 1.0302], [60005.78, 0.8704], [60006.28, 1.073], [60006.78, 0.6384]]}
{"ts": 1755546307.7375133, "bids": [[60003.55, 1.7903], [60003.05, 0.9875], [60002.55, 0.6729], [60002.05, 0.7364], [60001.55, 0.1]], "asks": [[60004.55, 2.0468], [60005.05, 1.1063], [60005.55, 0.2215], [60006.05, 0.6412], [60006.55, 0.1947]]}
{"ts": 1755546307.9875133, "bids": [[60003.64, 1.4572], [60003.14, 1.1302], [60002.64, 0.1], [60002.14, 0.1], [60001.64, 0.2797]], "asks": [[60004.64, 1.8099], [60005.14, 0.716], [60005.64, 0.5333], [60006.14, 0.5976], [60006.64, 0.4181]]}
{"ts": 1755546308.2375133, "bids": [[60004.04, 1.9212], [60003.54, 1.4367], [60003.04, 0.4831], [60002.54, 0.8673], [60002.04, 0.803]], "asks": [[60005.04, 1.6546], [60005.54, 0.6847], [60006.04, 0.2917], [60006.54, 0.8462], [60007.04, 1.1656]]}
{"ts": 1755546308.4875133, "bids": [[60004.51, 2.056], [60004.01, 0.2071], [60003.51, 0.1], [60003.01, 0.1036], [60002.51, 0.3673]], "asks": [[60005.51, 1.8546], [60006.01, 1.4143], [60006.51, 1.0737], [60007.01, 0.1], [60007.51, 1.0588]]}
{"ts": 1755546308.7375133, "bids": [[60004.93, 2.2714], [60004.43, 0.787], [60003.93, 0.6122], [60003.43, 0.8692], [60002.93, 0.1389]], "asks": [[60005.93, 2.1215], [60006.43, 1.1602], [60006.93, 0.9943], [60007.43, 0.1236], [60007.93, 0.1452]]}
{"ts": 1755546308.9875133, "bids": [[60004.85, 1.854], [60004.35, 0.5696], [60003.85, 1.3009], [60003.35, 0.3722], [60002.85, 0.3165]], "asks": [[60005.85, 2.087], [60006.35, 0.7346], [60006.85, 0.414], [60007.35, 0.4469], [60007.85, 0.7621]]}
{"ts": 1755546309.2375133, "bids": [[60004.69, 1.7502], [60004.19, 0.5906], [60003.69, 0.9008], [60003.19, 0.7542], [60002.69, 0.3708]], "asks": [[60005.69, 2.1566], [60006.19, 1.0372], [60006.69, 0.7228], [60007.19, 0.8229], [60007.69, 0.3209]]}
{"ts": 1755546309.4875133, "bids": [[60005.08, 1.8917], [60004.58, 0.982], [60004.08, 0.7151], [60003.58, 0.6047], [60003.08, 0.3339]], "asks": [[60006.08, 2.1926], [60006.58, 0.3246], [60007.08, 0.6301], [60007.58, 0.2676], [60008.08, 0.7426]]}
{"ts": 1755546309.7375133, "bids": [[60005.28, 2.4932], [60004.78, 1.539], [60004.28, 0.1412], [60003.78, 0.4621], [60003.28, 0.2819]], "asks": [[60006.28, 2.35], [60006.78, 1.6066], [60007.28, 0.8629], [60007.78, 0.8092], [60008.28, 0.2466]]}
{"ts": 1755546309.9875133, "bids": [[60004.99, 2.221], [60004.49, 1.0359], [60003.99, 0.8225], [60003.49, 0.6402], [60002.99, 0.2382]], "asks": [[60005.99, 1.5592], [60006.49, 0.3983], [60006.99, 0.341], [60007.49, 0.7178], [60007.99, 0.3931]]}
{"ts": 1755546310.2375133, "bids": [[60005.34, 2.0528], [60004.84, 1.1997], [60004.34, 0.7848], [60003.84, 0.1], [60003.34, 0.3325]], "asks": [[60006.34, 1.95], [60006.84, 1.5312], [60007.34, 0.4725], [60007.84, 0.6813], [60008.34, 0.1696]]}
{"ts": 1755546310.4875133, "bids": [[60005.66, 1.5741], [60005.16, 1.0532], [60004.66, 0.3864], [60004.16, 0.7666], [60003.66, 0.1621]], "asks": [[60006.66, 1.9863], [60007.16, 1.0525], [60007.66, 0.956], [60008.16, 1.0448], [60008.66, 0.2555]]}
{"ts": 1755546310.7375133, "bids": [[60005.33, 2.3931], [60004.83, 0.9079], [60004.33, 0.5313], [60003.83, 0.1], [60003.33, 0.67]], "asks": [[60006.33, 1.693], [60006.83, 0.7721], [60007.33, 0.7837], [60007.83, 0.1594], [60008.33, 0.1]]}
{"ts": 1755546310.9875133, "bids": [[60005.5, 1.9632], [60005.0, 1.5182], [60004.5, 0.6711], [60004.0, 0.8679], [60003.5, 0.3685]], "asks": [[60006.5, 2.3057], [60007.0, 1.0656], [60007.5, 0.6268], [60008.0, 0.2714], [60008.5, 0.3768]]}
{"ts": 1755546311.2375133, "bids": [[60005.26, 2.0869], [60004.76, 1.4212], [60004.26, 0.4079], [60003.76, 0.3671], [60003.26, 0.1]], "asks": [[60006.26, 1.759], [60006.76, 0.9115], [60007.26, 0.801], [60007.76, 0.686], [60008.26, 0.4937]]}
{"ts": 1755546311.4875133, "bids": [[60005.58, 1.8887], [60005.08, 0.5591], [60004.58, 0.8273], [60004.08, 0.2528], [60003.58, 0.357]], "asks": [[60006.58, 2.0839], [60007.08, 0.968], [60007.58, 0.4247], [60008.08, 0.1714], [60008.58, 0.5369]]}
{"ts": 1755546311.7375133, "bids": [[60005.14, 2.428], [60004.64, 1.1505], [60004.14, 0.5134], [60003.64, 0.4484], [60003.14, 0.4625]], "asks": [[60006.14, 1.9686], [60006.64, 0.8216], [60007.14, 0.1], [60007.64, 0.663], [60008.14, 0.1]]}
{"ts": 1755546311.9875133, "bids": [[60005.45, 2.1312], [60004.95, 0.7584], [60004.45, 0.5881], [60003.95, 0.7325], [60003.45, 0.1407]], "asks": [[60006.45, 1.6156], [60006.95, 0.6164], [60007.45, 0.2359], [60007.95, 0.4963], [60008.45, 0.5456]]}
{"ts": 1755546312.2375133, "bids": [[60004.98, 1.8982], [60004.48, 1.1781], [60003.98, 0.7308], [60003.48, 0.6421], [60002.98, 0.2317]], "asks": [[60005.98, 1.6226], [60006.48, 1.4491], [60006.98, 1.0321], [60007.48, 0.1], [60007.98, 0.1]]}
{"ts": 1755546312.4875133, "bids": [[60005.33, 2.3308], [60004.83, 1.057], [60004.33, 0.8277], [60003.83, 0.6824], [60003.33, 0.5848]], "asks": [[60006.33, 1.4833], [60006.83, 1.1234], [60007.33, 0.8338], [60007.83, 0.1], [60008.33, 0.8133]]}
{"ts": 1755546312.7375133, "bids": [[60005.17, 2.238], [60004.67, 0.9907], [60004.17, 0.7305], [60003.67, 0.4834], [60003.17, 0.6009]], "asks": [[60006.17, 2.1496], [60006.67, 0.7432], [60007.17, 0.4052], [60007.67, 0.7498], [60008.17, 0.1278]]}
{"ts": 1755546312.9875133, "bids": [[60005.53, 1.3762], [60005.03, 1.5676], [60004.53, 0.1], [60004.03, 0.3141], [60003.53, 0.9551]], "asks": [[60006.53, 1.6386], [60007.03, 1.2724], [60007.53, 0.6649], [60008.03, 0.6709], [60008.53, 0.5962]]}